3134 4958
697 345 916 409 „43-

319 553 492 645 'Exempla
515 581 600 644 quae
624 565 779 645 spectant
802 558 845 623 ad
869 564 957 624 artes
981 566 1062 624 sunt
1085 558 1177 624 haec.
1217 559 1259 623 In
1282 556 1386 644 Apol-

84 682 104 727 ι’
216 673 301 740 linis
324 674 485 761 Delphici
507 676 634 762 templo
661 675 792 758 solium,
818 675 854 739 in
878 697 944 759 quo
968 674 1089 739 sedens
1106 674 1274 739 Pindarus
1290 673 1389 758 hym-

82 790 87 797 ’
216 812 280 857 nos
296 789 495 877 Apollineos
511 792 701 875 cecinisset,
725 791 766 855 ab
784 789 936 875 exegetis
953 789 1202 856 ostendebatur.
1210 784 1237 873 1)
1267 789 1390 866 Quam·

85 952 89 963 ·
218 929 321 993 quam
345 905 387 971 de
410 907 502 972 illius
526 907 702 991 genuitate
723 906 872 972 dubitari
887 912 1008 992 potest.
1037 906 1151 971 Simili
1166 906 1265 972 modo
1282 906 1390 991 tripus

88 1062 92 1085 ι
216 1023 288 1108 ille,
313 1023 372 1109 qui
395 1022 555 1106 Hesiod0,
579 1029 760 1109 postquam
782 1022 1000 1088 ecertamine
1018 1045 1093 1087 cum
1109 1023 1258 1087 Homero
1274 1020 1390 1087 habito

85 1136 90 1145 ’
129 1146 135 1157 “
217 1139 373 1227 superior
396 1140 516 1223 evasit,
541 1139 628 1204 dono
653 1139 752 1204 datus
777 1162 850 1204 esse
873 1139 1008 1224 dicitur,
1033 1139 1170 1226 propior
1190 1145 1241 1202 est
1256 1137 1391 1203 fabulae

85 1288 88 1293 ·
137 1266 141 1279 '
217 1258 322 1342 quam
345 1250 548 1338 historiae.2)
595 1255 662 1320 sed
691 1278 791 1320 causa
813 1261 974 1340 nonest,
1006 1277 1065 1320 cur
1093 1254 1308 1319 anathemata
1332 1253 1389 1318 ad·

86 1392 97 1407 ·’
218 1369 374 1437 dubitem
407 1371 500 1436 haec.
557 1370 794 1436 Aristomache
802 1366 828 1454 3)
862 1371 1007 1458 poetria,
1042 1378 1220 1456 postquam
1252 1369 1390 1454 Pythiis

216 1487 315 1570 vicit,
339 1487 493 1552 libellum
521 1509 619 1551 suum
646 1486 802 1573 Apollini
831 1487 971 1552 donavit
1005 1487 1180 1572 Delphico.
1228 1486 1317 1551 Nero
1352 1485 1390 1549 in

220 1602 313 1671 Iovis
328 1605 504 1690 templum,
521 1602 609 1689 quod
626 1610 699 1668 erat
715 1604 903 1691 Olympiae,
926 1625 1063 1668 coronas
1079 1603 1173 1667 misit
1190 1608 1357 1688 quattuor.
1365 1596 1389 1680 4)

155 1700 163 1709 ⁸
219 1716 292 1785 Has
321 1725 434 1784 autem
461 1719 505 1784 ad
527 1719 676 1806 poetices
704 1720 835 1784 ludicra
858 1719 1052 1785 referendas
1081 1742 1167 1799 esse,
1203 1717 1390 1784 verisimile

220 1835 307 1901 mihi
340 1835 487 1901 videtur.
537 1835 569 1900 A
603 1835 735 1920 poetice
771 1835 893 1900 accedo
922 1836 964 1900 ad
992 1836 1154 1900 musicen.
1200 1829 1390 1918 Ardalus5),

219 1957 400 2040 postquam
424 1952 559 2017 invenit
582 1952 712 2036 tibiam,
736 1951 844 2016 Musis
868 1951 985 2016 fanum
1009 1959 1043 2016 et
1066 1974 1157 2016 aram
1181 1950 1303 2015 iisdem
1323 1972 1391 2014 una

82 2084 111 2137 :-
221 2088 297 2133 cum
319 2067 442 2133 Somno
460 2069 647 2133 Troezenes
669 2068 794 2132 dicitur
810 2067 1011 2133 condidisse.
1044 2067 1100 2132 Ad
1116 2061 1389 2152 Hegeleonemfl),

83 2160 100 2277 ἦ,
219 2189 398 2271 postquam
423 2185 578 2271 salpinga
601 2209 621 2250 a
644 2186 796 2270 Tyrseno
820 2191 915 2270 patre
944 2184 1120 2248 inventam
1144 2183 1217 2270 ipse
1240 2181 1392 2247 reddidit

82 2294 132 2407 'biv
219 2299 468 2386 perfectiorem,
492 2302 667 2367 Minervae
691 2301 809 2365 fanum
824 2299 929 2387 Argis
954 2301 1058 2364 situm
1081 2298 1236 2364 refertur.
1268 2297 1390 2362 Archi-

82 2398 131 2461 :.·.·.
220 2420 371 2480 tecturae
410 2439 541 2502 quoque
581 2423 614 2481 et
648 2417 807 2504 plastices
847 2416 933 2481 mihi
972 2422 1189 2481 occurrerunt
1227 2414 1390 2500 exempla.

82 2500 84 2505 Ι
118 2530 121 2535 ’
218 2532 354 2597 Decimi
393 2528 589 2618 Cossutiill,
634 2534 693 2619 qui
730 2531 878 2598 Athenis
913 2533 1131 2619 Olympicum
1170 2536 1391 2615 exstruxerat,

119 2664 121 2669 ·
218 2653 331 2713 statua
360 2649 450 2712 intra
477 2650 641 2733 templum
671 2650 816 2714 extabat.
863 2651 957 2714 Haec
986 2656 1097 2714 statua
1125 2673 1143 2714 e
1171 2641 1391 2730 Kuhnertii⁸)

126 2798 135 2845 j
219 2765 392 2830 sententia
415 2764 570 2829 dedicata
598 2773 650 2830 est
678 2765 719 2829 ab
743 2766 881 2830 homine
908 2766 1056 2852 privato:
1092 2765 1235 2831 fortasse
1263 2765 1304 2829 ab
1332 2763 1391 2828 illo

219 2880 294 2966 ipso
329 2880 365 2944 id
400 2880 527 2945 factum
558 2904 630 2945 esse
664 2881 876 2946 coniecerim.
927 2883 979 2946 De
1014 2883 1132 2967 plastis
1167 2880 1257 2945 idem
1292 2878 1390 2944 nobis

102 3086 105 3091 ‚
219 2995 383 3061 traditum
411 3003 463 3060 est
492 2997 556 3062 his.
608 2992 863 3082 Chirisophus9)
891 2997 1047 3084 Apollini
1074 2997 1269 3082 Tegeaticc,
1298 2999 1390 3080 post-

90 3148 104 3197 .··
221 3134 322 3197 quam
345 3112 401 3177 dei
425 3120 571 3178 statuam
588 3115 738 3201 sculpsit,
759 3113 975 3199 Xenophilus
999 3119 1033 3177 et
1058 3114 1196 3178 Straton
1218 3110 1344 3196 Argivi
1352 3105 1390 3190 1⁰)

219 3227 436 3315 Aesculapio,
461 3237 640 3316 postquam
664 3231 761 3296 deum
786 3231 1039 3317 Hygieiamque
1064 3229 1283 3311 effinxerunt,
1314 3248 1390 3291 suas

221 3345 372 3432 ipsorum
408 3352 535 3411 statuas
572 3353 862 3412 consecraverunt.
924 3348 976 3412 De
1010 3346 1177 3430 Bathycle
1212 3341 1389 3430 Magnesio

375 3703 460 3756 Paus.
480 3702 517 3771 X,
536 3703 579 3770 24,
598 3702 623 3755 4.

374 3792 443 3845 Hes.
463 3809 527 3863 opp
547 3793 600 3845 650
618 3810 690 3862 sqq.;
710 3793 795 3846 Paus.
815 3792 868 3861 IX,
887 3792 930 3861 31,
950 3793 979 3861 3,
1001 3792 1072 3846 Gall
1092 3811 1120 3846 n.
1140 3811 1164 3845 a.
1184 3792 1239 3860 ΙΠ,
1260 3792 1300 3845 11.

374 3881 450 3935 Plut.
471 3880 582 3935 conviv
603 3881 638 3950 V,
657 3883 681 3935 2.

329 3700 355 3771 1)

327 3792 355 3859 2)

326 3877 355 3950 3)

325 3967 353 4039 4)
372 3970 458 4025 Paus,
479 3971 513 4038 V,
534 3971 575 4037 12,
595 3971 619 4023 7.

343 4326 382 4392 >l

345 4421 353 4481 l

325 4502 353 4566 0)

324 4059 411 4127 5ΙΙ,
431 4059 474 4127 31,
492 4059 518 4111 4.
538 4059 563 4112 5

325 4147 353 4219 6)
372 4147 411 4216 ΙΙ,
431 4149 519 4216 213.

325 4236 402 4306 'OG
423 4237 451 4294 J.
472 4237 505 4291 G
523 4239 546 4305 Ι,
566 4239 626 4292 363.

324 4327 342 4379 8
384 4344 435 4380 oco
454 4327 568 4398 saepius
587 4328 704 4382 laudato
723 4346 749 4398 p.
769 4330 829 4386 260.

326 4413 346 4469 9
372 4416 458 4473 Paus.
479 4417 560 4485 VHI,
580 4418 623 4486 53,
643 4419 667 4472 7.
686 4419 711 4472 8.

309 4505 323 4556 1
373 4504 411 4571 ΙΙ
430 4506 517 4575 23
