3134 4958
683 289 722 301 ..
770 252 790 320 3
838 288 878 301 „.

300 471 447 557 Utrique
482 471 587 558 capiti
616 469 876 556 dispositionem
899 471 948 535 ita
970 470 1182 559 subiungam,
1206 479 1246 538 ut
1269 495 1364 538 ana·

194 587 371 653 themata
413 587 578 674 publica
621 593 660 651 et
703 587 866 673 privata
903 588 1086 674 separatim
1123 597 1288 655 vocentur
1326 589 1364 655 in

195 704 436 789 quaestionem.

407 935 437 1015 I.
464 934 593 1035 Agitur
621 933 660 1014 da
688 934 930 1015 anathematis
958 934 1160 1016 ordinariis.

637 1148 665 1216 l.
690 1149 732 1216 de
755 1151 925 1233 publicis.

302 1301 570 1367 Anathematum
587 1323 673 1386 quae
697 1301 868 1393 ordinaria
883 1324 903 1367 a
918 1323 973 1367 me
988 1302 1208 1368 nominantur
1230 1302 1367 1391 publica

195 1418 264 1483 nisi
300 1440 376 1483 curn
411 1417 524 1482 reditu
558 1416 690 1482 dierum
724 1416 889 1490 festorum
924 1419 1104 1484 coniuncta
1138 1440 1208 1484 non
1235 1418 1364 1486 inueni.
1404 1416 1406 1422 ’

197 1535 443 1599 Perlustremus
467 1533 604 1620 singula
627 1533 789 1600 Graeciae
811 1535 895 1599 loca.

302 1650 476 1716 Athenis
534 1649 615 1715 inde
665 1672 685 1714 a
738 1649 912 1715 Pisistrati
958 1655 1068 1714 aetate
1115 1648 1206 1735 quod
1251 1650 1368 1717 docuit

196 1765 237 1832 A.
261 1761 536 1846 Mommsenius1)
560 1801 604 1812 -
626 1787 687 1852 pro
703 1765 952 1830 Panathenaeis
966 1764 1113 1852 Magum,
1138 1788 1223 1852 quae
1247 1767 1366 1853 quinto

197 1904 329 1967 quoque
346 1904 435 1948 anno
452 1881 648 1967 agebantur,
662 1881 885 1967 avirginibus
901 1881 938 1947 in
954 1881 1037 1947 urbe
1049 1882 1155 1948 vestis
1172 1876 1331 1967 (πέπλος)
1337 1877 1365 1967 2)

196 1999 376 2064 texebatur
404 1998 497 2063 etin
520 1997 695 2090 Minervae
718 1998 846 2084 templo
869 1997 1110 2085 deponebatur.
1157 1999 1281 2064 Postea
1303 2021 1366 2086 pro

197 2115 319 2180 annuis
354 2136 485 2200 quoque
520 2111 768 2178 Panathenaeis
803 2114 920 2200 vestis,
954 2138 1025 2180 non
1059 2137 1079 2180 a
1106 2114 1300 2201 virginibus
1329 2115 1367 2181 in

195 2232 288 2315 urbe,
315 2216 385 2296 ¹sed
412 2231 449 2295 in
476 2230 603 2317 templo
626 2229 802 2295 Minervae
831 2230 906 2318 ipso
934 2231 1098 2316 magistra
1125 2229 1299 2296 sacerdote
1324 2231 1366 2297 ab

197 2342 444 2435 arrhephorisl)
480 2369 565 2432 quae
599 2353 764 2412 vocantur
798 2345 941 2441 duabus,
978 2347 1100 2432 quibus
1134 2369 1260 2412 nomen
1295 2353 1368 2412 erat

194 2444 448 2547 'Epyadrivcr4),
483 2457 701 2541 texebatur5).
748 2464 888 2530 Vestem
921 2461 1237 2528 Panathenaeorum
1271 2463 1367 2549 Mag-

196 2601 317 2644 norum
344 2579 440 2644 illam
466 2601 575 2664 usque
603 2578 646 2644 ad
674 2579 845 2644 saeculum
867 2585 1025 2665 quartum
1048 2601 1080 2666 p.
1106 2578 1185 2645 Ohr.
1211 2601 1284 2644 esse
1308 2577 1366 2644 de·

199 2694 354 2780 dicatam,
377 2695 476 2771 testis
500 2701 552 2759 est
574 2695 760 2761 Himerius,

305 2810 485 2896 Amyclis
512 2811 670 2876 mulieres
693 2810 980 2876 Lacedaemoniae
1003 2811 1187 2897 quotannis
1210 2810 1368 2898 Apollini

197 2932 329 2992 vestem
353 2925 500 3009 (χιτῶνα)
527 2925 565 2991 in
588 2925 758 3011 aedificio,
788 2927 877 3012 quod
900 2928 1014 3015 ipsum
1035 2928 1220 2994 vocabatur
1244 2918 1367 3012 Χιτών,

197 3042 360 3107 texebant
384 3040 497 3126 (Paus.
522 3042 585 3128 ΙΠ,
612 3042 664 3127 16,
688 3041 731 3122 2).
779 3041 889 3120 Quem
911 3065 1038 3108 morem
1061 3065 1121 3129 pro
1145 3042 1367 3129 Hyacinthiis

153 3145 155 3149 ’
197 3163 255 3222 aut
278 3157 418 3224 Oarneis
444 3158 602 3244 ualuisse,
627 3158 813 3225 verisimile
836 3159 922 3225 mihi
944 3159 1081 3225 videtur
1105 3158 1160 3240 (cf.
1185 3158 1364 3226 Hermann

197 3272 220 3338 l.
243 3274 266 3339 l.
290 3274 310 3352 ἕ
333 3271 400 3357 53).

304 3388 423 3455 Elide
450 3390 633 3477 collegium
656 3390 805 3456 sedecim
827 3391 1007 3457 mulierum
1029 3378 1224 3456 Eliacarum
1248 3391 1368 3477 quinto

199 3527 331 3591 quoque
354 3528 444 3572 anno
467 3506 599 3572 Junoni
622 3507 841 3594 Olympiacae
864 3514 995 3574 vestem
1026 3500 1184 3591 (πέπλον)
1209 3507 1246 3572 in
1270 3507 1368 3573 domo

199 3621 343 3708 quadam
365 3622 528 3689 texebant
537 3617 573 3711 6)

353 3967 541 4039 Heortologie
559 3987 586 4040 p.
607 3969 667 4024 185.

352 4057 511 4128 Michaelis,
530 4058 699 4114 Parthenon
719 4077 746 4131 p.
765 4059 825 4114 328.

353 4146 470 4202 omnino
490 4153 573 4202 erant
590 4166 711 4203 numero
731 4154 876 4220 quattuor.

352 4237 480 4309 Hesych.
499 4256 526 4292 v.
546 4229 729 4308 Ἑργαστῖναι,
769 4237 812 4293 Of.
831 4238 928 4293 Mitth.
949 4238 982 4292 A.
1002 4239 1030 4294 J.
1049 4239 1125 4294 VIII
1143 4258 1170 4310 p.
1191 4239 1304 4294 57-66.

353 4327 397 4382 Of.
416 4326 451 4382 A.
471 4327 633 4382 Mommsen
652 4327 670 4381 l.
689 4328 708 4382 l.
726 4347 753 4400 p.
768 4329 820 4383 119
839 4333 868 4383 et
888 4329 952 4400 1883
971 4327 1121 4383 Botticher
1140 4326 1244 4383 Τθίά.2
1262 4346 1288 4400 p.
1308 4328 1367 4383 569.

355 4418 440 4473 Paus.
460 4418 494 4489 V,
515 4419 556 4488 16,
575 4420 605 4487 23
625 4418 668 4473 VI
685 4419 729 4488 24,
751 4418 791 4476 10.

1176 4525 1208 4582 1*
