<?xml version="1.0" encoding="UTF-8"?>
<!DOCTYPE html PUBLIC "-//W3C//DTD XHTML 1.0 Transitional//EN"
    "http://www.w3.org/TR/xhtml1/DTD/xhtml1-transitional.dtd">
<html xmlns="http://www.w3.org/1999/xhtml" xml:lang="en" lang="en">
 <head>
  <title>
</title>
<meta http-equiv="Content-Type" content="text/html;charset=utf-8" />
  <meta name='ocr-system' content='tesseract 3.04.00' />
  <meta name='ocr-capabilities' content='ocr_page ocr_carea ocr_par ocr_line ocrx_word'/>
</head>
<body>
  <div class='ocr_page' id='page_1' title='image "./deanathematisgr00ziemgoog_0013.png"; bbox 0 0 3134 4958; ppageno 0'>
   <div class='ocr_carea' id='block_1_1' title="bbox 723 180 919 248">
    <p class='ocr_par' dir='ltr' id='par_1_1' title="bbox 723 180 919 248">
     <span class='ocr_line' id='line_1_1' title="bbox 723 180 919 248; baseline 0.005 -20"><span class='ocrx_word' id='word_1_1' title='bbox 723 180 919 248; x_wconf 52' lang='lat'><strong>„4-</strong></span> 
     </span>
    </p>
   </div>
   <div class='ocr_carea' id='block_1_2' title="bbox 341 397 1402 486">
    <p class='ocr_par' dir='ltr' id='par_1_2' title="bbox 341 397 1402 486">
     <span class='ocr_line' id='line_1_2' title="bbox 341 397 1402 486; baseline 0.001 -22"><span class='ocrx_word' id='word_1_2' title='bbox 341 398 398 464; x_wconf 93' lang='lat' dir='ltr'><strong>De</strong></span> <span class='ocrx_word' id='word_1_3' title='bbox 420 399 520 464; x_wconf 90' lang='lat' dir='ltr'><strong>Delo</strong></span> <span class='ocrx_word' id='word_1_4' title='bbox 548 398 660 464; x_wconf 89' lang='lat' dir='ltr'><strong>insula</strong></span> <span class='ocrx_word' id='word_1_5' title='bbox 687 398 798 464; x_wconf 90' lang='lat' dir='ltr'><strong>titulis</strong></span> <span class='ocrx_word' id='word_1_6' title='bbox 822 422 842 463; x_wconf 91' lang='lat' dir='ltr'><strong>a</strong></span> <span class='ocrx_word' id='word_1_7' title='bbox 865 397 927 463; x_wconf 78' lang='lat' dir='ltr'><strong>Th.</strong></span> <span class='ocrx_word' id='word_1_8' title='bbox 952 399 1109 463; x_wconf 90' lang='lat' dir='ltr'><strong>Homclle</strong></span> <span class='ocrx_word' id='word_1_9' title='bbox 1133 398 1170 463; x_wconf 89' lang='lat' dir='ltr'><strong>in</strong></span> <span class='ocrx_word' id='word_1_10' title='bbox 1192 399 1303 464; x_wconf 91' lang='lat' dir='ltr'><strong>lucem</strong></span> <span class='ocrx_word' id='word_1_11' title='bbox 1326 422 1402 486; x_wconf 90' lang='lat' dir='ltr'><strong>pro-</strong></span> 
     </span>
    </p>
   </div>
   <div class='ocr_carea' id='block_1_3' title="bbox 233 513 1519 601">
    <p class='ocr_par' dir='ltr' id='par_1_3' title="bbox 233 513 1519 601">
     <span class='ocr_line' id='line_1_3' title="bbox 233 513 1519 601; baseline 0.001 -21"><span class='ocrx_word' id='word_1_12' title='bbox 233 515 313 580; x_wconf 91' lang='lat' dir='ltr'><strong>latis</strong></span> <span class='ocrx_word' id='word_1_13' title='bbox 342 521 376 579; x_wconf 92' lang='lat' dir='ltr'><strong>et</strong></span> <span class='ocrx_word' id='word_1_14' title='bbox 404 515 505 580; x_wconf 88' lang='lat' dir='ltr'><strong>editis</strong></span> <span class='ocrx_word' id='word_1_15' title='bbox 536 515 681 600; x_wconf 89' lang='lat' dir='ltr'><strong>plurima</strong></span> <span class='ocrx_word' id='word_1_16' title='bbox 705 514 940 599; x_wconf 88' lang='lat' dir='ltr'><strong>cognovimus;</strong></span> <span class='ocrx_word' id='word_1_17' title='bbox 976 513 1018 579; x_wconf 89' lang='lat' dir='ltr'><strong>cf.</strong></span> <span class='ocrx_word' id='word_1_18' title='bbox 1049 515 1218 601; x_wconf 85' lang='lat' dir='ltr'><strong>imprimis</strong></span> <span class='ocrx_word' id='word_1_19' title='bbox 1246 517 1335 581; x_wconf 92' lang='lat' dir='ltr'><strong>Bull.</strong></span> <span class='ocrx_word' id='word_1_20' title='bbox 1361 517 1402 581; x_wconf 92' lang='lat' dir='ltr'><strong>de</strong></span> <span class='ocrx_word' id='word_1_21' title='bbox 1516 543 1519 550; x_wconf 71' lang='grc'><strong>’</strong></span> 
     </span>
    </p>
   </div>
   <div class='ocr_carea' id='block_1_4' title="bbox 234 631 1401 717">
    <p class='ocr_par' dir='ltr' id='par_1_4' title="bbox 234 631 1401 717">
     <span class='ocr_line' id='line_1_4' title="bbox 234 631 1401 717; baseline 0.002 -22"><span class='ocrx_word' id='word_1_22' title='bbox 234 653 317 696; x_wconf 91' lang='lat' dir='ltr'><strong>corr.</strong></span> <span class='ocrx_word' id='word_1_23' title='bbox 340 631 419 696; x_wconf 90' lang='lat' dir='ltr'><strong>bell.</strong></span> <span class='ocrx_word' id='word_1_24' title='bbox 437 631 488 697; x_wconf 87' lang='lat' dir='ltr'><strong>VI</strong></span> <span class='ocrx_word' id='word_1_25' title='bbox 515 662 552 680; x_wconf 96' lang='lat'><strong><em>=</em></strong></span> <span class='ocrx_word' id='word_1_26' title='bbox 581 632 665 695; x_wconf 80' lang='lat'>1882</span> <span class='ocrx_word' id='word_1_27' title='bbox 689 653 745 717; x_wconf 90' lang='lat' dir='ltr'><strong>pp.</strong></span> <span class='ocrx_word' id='word_1_28' title='bbox 771 631 813 695; x_wconf 74' lang='grc'><strong>99</strong></span> <span class='ocrx_word' id='word_1_29' title='bbox 828 668 868 674; x_wconf 92' lang='grc'><strong>-</strong></span> <span class='ocrx_word' id='word_1_30' title='bbox 883 631 939 714; x_wconf 73' lang='grc'><strong>54,</strong></span> <span class='ocrx_word' id='word_1_31' title='bbox 963 632 1136 696; x_wconf 79' lang='lat'>85—167.</span> <span class='ocrx_word' id='word_1_32' title='bbox 1184 631 1319 696; x_wconf 90' lang='lat' dir='ltr'><strong>Annuis</strong></span> <span class='ocrx_word' id='word_1_33' title='bbox 1343 655 1401 697; x_wconf 90' lang='lat' dir='ltr'><strong>an-</strong></span> 
     </span>
    </p>
   </div>
   <div class='ocr_carea' id='block_1_5' title="bbox 227 746 1493 2457">
    <p class='ocr_par' dir='ltr' id='par_1_5' title="bbox 227 746 1493 2108">
     <span class='ocr_line' id='line_1_5' title="bbox 233 746 1402 832; baseline 0.002 -22"><span class='ocrx_word' id='word_1_34' title='bbox 233 746 397 812; x_wconf 84' lang='lat' dir='ltr'><strong>fractibus</strong></span> <span class='ocrx_word' id='word_1_35' title='bbox 431 771 513 812; x_wconf 80' lang='lat' dir='ltr'><strong>vasa</strong></span> <span class='ocrx_word' id='word_1_36' title='bbox 547 748 675 832; x_wconf 84' lang='lat' dir='ltr'><strong>viginti</strong></span> <span class='ocrx_word' id='word_1_37' title='bbox 709 748 775 819; x_wconf 92' lang='lat' dir='ltr'><strong>duo</strong></span> <span class='ocrx_word' id='word_1_38' title='bbox 809 747 850 811; x_wconf 92' lang='lat' dir='ltr'><strong>ab</strong></span> <span class='ocrx_word' id='word_1_39' title='bbox 878 747 921 811; x_wconf 92' lang='lat' dir='ltr'><strong>iis</strong></span> <span class='ocrx_word' id='word_1_40' title='bbox 950 748 1007 832; x_wconf 93' lang='lat' dir='ltr'><strong>qui</strong></span> <span class='ocrx_word' id='word_1_41' title='bbox 1030 747 1264 812; x_wconf 75' lang='lat' dir='ltr'><strong>thesaurorum</strong></span> <span class='ocrx_word' id='word_1_42' title='bbox 1288 771 1402 812; x_wconf 89' lang='lat' dir='ltr'><strong>curam</strong></span> 
     </span>
     <span class='ocr_line' id='line_1_6' title="bbox 233 863 1401 949; baseline 0.001 -23"><span class='ocrx_word' id='word_1_43' title='bbox 233 870 451 948; x_wconf 78' lang='lat' dir='ltr'><strong>susceperant</strong></span> <span class='ocrx_word' id='word_1_44' title='bbox 486 864 523 928; x_wconf 91' lang='lat' dir='ltr'><strong>in</strong></span> <span class='ocrx_word' id='word_1_45' title='bbox 546 863 717 949; x_wconf 84' lang='lat' dir='ltr'><strong>Apollinis</strong></span> <span class='ocrx_word' id='word_1_46' title='bbox 752 864 918 948; x_wconf 89' lang='lat' dir='ltr'><strong>templum</strong></span> <span class='ocrx_word' id='word_1_47' title='bbox 947 863 1196 928; x_wconf 84' lang='lat' dir='ltr'><strong>deferebantur.</strong></span> <span class='ocrx_word' id='word_1_48' title='bbox 1242 864 1280 929; x_wconf 86' lang='lat' dir='ltr'><strong>Ji</strong></span> <span class='ocrx_word' id='word_1_49' title='bbox 1309 864 1401 927; x_wconf 91' lang='lat' dir='ltr'><strong>enim</strong></span> 
     </span>
     <span class='ocr_line' id='line_1_7' title="bbox 233 972 1400 1066; baseline 0 -24"><span class='ocrx_word' id='word_1_50' title='bbox 233 979 292 1063; x_wconf 91' lang='lat' dir='ltr'><strong>qui</strong></span> <span class='ocrx_word' id='word_1_51' title='bbox 326 979 482 1046; x_wconf 86' lang='lat' dir='ltr'><strong>thesauro</strong></span> <span class='ocrx_word' id='word_1_52' title='bbox 517 979 658 1066; x_wconf 85' lang='lat' dir='ltr'><strong>profano</strong></span> <span class='ocrx_word' id='word_1_53' title='bbox 691 986 870 1065; x_wconf 89' lang='lat' dir='ltr'><strong>praeerant</strong></span> <span class='ocrx_word' id='word_1_54' title='bbox 904 979 926 1043; x_wconf 91' lang='lat' dir='ltr'><strong>i.</strong></span> <span class='ocrx_word' id='word_1_55' title='bbox 952 1003 980 1044; x_wconf 90' lang='lat' dir='ltr'><strong>e.</strong></span> <span class='ocrx_word' id='word_1_56' title='bbox 1009 972 1126 1057; x_wconf 76' lang='grc' dir='ltr'><em>ταμίαι</em></span> <span class='ocrx_word' id='word_1_57' title='bbox 1154 979 1283 1064; x_wconf 80' lang='lat' dir='ltr'><strong>viginti</strong></span> <span class='ocrx_word' id='word_1_58' title='bbox 1318 1003 1400 1044; x_wconf 78' lang='lat' dir='ltr'><strong>vasa</strong></span> 
     </span>
     <span class='ocr_line' id='line_1_8' title="bbox 231 1086 1493 1184; baseline 0.001 -26"><span class='ocrx_word' id='word_1_59' title='bbox 231 1094 421 1179; x_wconf 88' lang='lat' dir='ltr'><strong>tradebant,</strong></span> <span class='ocrx_word' id='word_1_60' title='bbox 457 1096 516 1180; x_wconf 91' lang='lat' dir='ltr'><strong>qui</strong></span> <span class='ocrx_word' id='word_1_61' title='bbox 538 1095 697 1159; x_wconf 88' lang='lat' dir='ltr'><strong>thesauro</strong></span> <span class='ocrx_word' id='word_1_62' title='bbox 732 1115 825 1159; x_wconf 89' lang='lat' dir='ltr'><strong>sacro</strong></span> <span class='ocrx_word' id='word_1_63' title='bbox 848 1102 1026 1180; x_wconf 88' lang='lat' dir='ltr'><strong>praeerant</strong></span> <span class='ocrx_word' id='word_1_64' title='bbox 1049 1095 1070 1159; x_wconf 85' lang='lat' dir='ltr'><strong>i.</strong></span> <span class='ocrx_word' id='word_1_65' title='bbox 1097 1118 1124 1159; x_wconf 89' lang='lat' dir='ltr'><strong>e.</strong></span> <span class='ocrx_word' id='word_1_66' title='bbox 1162 1086 1328 1178; x_wconf 73' lang='grc' dir='ltr'><em>ἱεροποιοὶ</em></span> <span class='ocrx_word' id='word_1_67' title='bbox 1363 1096 1400 1159; x_wconf 92' lang='lat' dir='ltr'><strong>in</strong></span> <span class='ocrx_word' id='word_1_68' title='bbox 1492 1180 1493 1184; x_wconf 7' lang='grc' dir='ltr'><strong>Ἰ</strong></span> 
     </span>
     <span class='ocr_line' id='line_1_9' title="bbox 232 1210 1399 1296; baseline 0.002 -22"><span class='ocrx_word' id='word_1_69' title='bbox 232 1210 361 1275; x_wconf 89' lang='lat' dir='ltr'><strong>duobus</strong></span> <span class='ocrx_word' id='word_1_70' title='bbox 392 1217 526 1276; x_wconf 88' lang='lat' dir='ltr'><strong>tantum</strong></span> <span class='ocrx_word' id='word_1_71' title='bbox 554 1210 822 1295; x_wconf 79' lang='lat' dir='ltr'><strong>acquiescebant.</strong></span> <span class='ocrx_word' id='word_1_72' title='bbox 869 1211 963 1274; x_wconf 90' lang='lat' dir='ltr'><strong>Haec</strong></span> <span class='ocrx_word' id='word_1_73' title='bbox 992 1211 1058 1275; x_wconf 92' lang='lat' dir='ltr'><strong>duo</strong></span> <span class='ocrx_word' id='word_1_74' title='bbox 1082 1211 1338 1296; x_wconf 84' lang='lat' dir='ltr'><strong>deponebantur</strong></span> <span class='ocrx_word' id='word_1_75' title='bbox 1361 1234 1399 1276; x_wconf 91' lang='lat' dir='ltr'><strong>eo</strong></span> 
     </span>
     <span class='ocr_line' id='line_1_10' title="bbox 232 1315 1400 1412; baseline 0.002 -22"><span class='ocrx_word' id='word_1_76' title='bbox 232 1326 287 1390; x_wconf 92' lang='lat' dir='ltr'><strong>die</strong></span> <span class='ocrx_word' id='word_1_77' title='bbox 323 1349 388 1412; x_wconf 89' lang='lat' dir='ltr'><strong>quo</strong></span> <span class='ocrx_word' id='word_1_78' title='bbox 413 1315 571 1403; x_wconf 61' lang='grc' dir='ltr'><strong>Εἰνοιῗχειο</strong></span> <span class='ocrx_word' id='word_1_79' title='bbox 606 1333 640 1390; x_wconf 88' lang='lat' dir='ltr'><strong>et</strong></span> <span class='ocrx_word' id='word_1_80' title='bbox 671 1321 896 1410; x_wconf 74' lang='grc' dir='ltr'><em>Φιλοδέλφειο</em></span> <span class='ocrx_word' id='word_1_81' title='bbox 926 1326 1122 1410; x_wconf 81' lang='lat' dir='ltr'><strong>agebantur,</strong></span> <span class='ocrx_word' id='word_1_82' title='bbox 1147 1349 1212 1411; x_wconf 90' lang='lat' dir='ltr'><strong>qua</strong></span> <span class='ocrx_word' id='word_1_83' title='bbox 1236 1327 1277 1391; x_wconf 90' lang='lat' dir='ltr'><strong>de</strong></span> <span class='ocrx_word' id='word_1_84' title='bbox 1302 1349 1400 1392; x_wconf 90' lang='lat' dir='ltr'><strong>causa</strong></span> 
     </span>
     <span class='ocr_line' id='line_1_11' title="bbox 230 1426 1398 1526; baseline 0.001 -20"><span class='ocrx_word' id='word_1_85' title='bbox 230 1442 273 1507; x_wconf 92' lang='lat' dir='ltr'><strong>iis</strong></span> <span class='ocrx_word' id='word_1_86' title='bbox 308 1442 447 1506; x_wconf 90' lang='lat' dir='ltr'><strong>nomina</strong></span> <span class='ocrx_word' id='word_1_87' title='bbox 482 1449 561 1506; x_wconf 90' lang='lat' dir='ltr'><strong>sunt</strong></span> <span class='ocrx_word' id='word_1_88' title='bbox 596 1442 706 1506; x_wconf 91' lang='lat' dir='ltr'><strong>indita</strong></span> <span class='ocrx_word' id='word_1_89' title='bbox 735 1426 906 1518; x_wconf 71' lang='grc' dir='ltr'><em>Εὖούχειος</em></span> <span class='ocrx_word' id='word_1_90' title='bbox 934 1448 968 1506; x_wconf 93' lang='lat' dir='ltr'><strong>et</strong></span> <span class='ocrx_word' id='word_1_91' title='bbox 995 1436 1243 1526; x_wconf 72' lang='grc' dir='ltr'><em>Φιλοδέλφειος.</em></span> <span class='ocrx_word' id='word_1_92' title='bbox 1291 1442 1398 1519; x_wconf 79' lang='lat' dir='ltr'><strong>Quae-</strong></span> 
     </span>
     <span class='ocr_line' id='line_1_12' title="bbox 229 1557 1399 1644; baseline 0 -22"><span class='ocrx_word' id='word_1_93' title='bbox 229 1558 325 1642; x_wconf 87' lang='lat' dir='ltr'><strong>ritur,</strong></span> <span class='ocrx_word' id='word_1_94' title='bbox 361 1581 444 1623; x_wconf 91' lang='lat' dir='ltr'><strong>num</strong></span> <span class='ocrx_word' id='word_1_95' title='bbox 467 1559 595 1643; x_wconf 90' lang='lat' dir='ltr'><strong>viginti</strong></span> <span class='ocrx_word' id='word_1_96' title='bbox 623 1581 755 1644; x_wconf 91' lang='lat' dir='ltr'><strong>quoque</strong></span> <span class='ocrx_word' id='word_1_97' title='bbox 782 1580 864 1622; x_wconf 87' lang='lat' dir='ltr'><strong>vasa</strong></span> <span class='ocrx_word' id='word_1_98' title='bbox 887 1557 945 1621; x_wconf 89' lang='lat' dir='ltr'><strong>illa</strong></span> <span class='ocrx_word' id='word_1_99' title='bbox 969 1558 1071 1622; x_wconf 92' lang='lat' dir='ltr'><strong>certis</strong></span> <span class='ocrx_word' id='word_1_100' title='bbox 1095 1558 1214 1623; x_wconf 90' lang='lat' dir='ltr'><strong>diebus</strong></span> <span class='ocrx_word' id='word_1_101' title='bbox 1239 1558 1337 1622; x_wconf 82' lang='lat' dir='ltr'><strong>festis</strong></span> <span class='ocrx_word' id='word_1_102' title='bbox 1361 1560 1399 1623; x_wconf 92' lang='lat' dir='ltr'><strong>in</strong></span> 
     </span>
     <span class='ocr_line' id='line_1_13' title="bbox 229 1672 1396 1759; baseline 0.001 -22"><span class='ocrx_word' id='word_1_103' title='bbox 229 1673 350 1759; x_wconf 91' lang='lat' dir='ltr'><strong>templi</strong></span> <span class='ocrx_word' id='word_1_104' title='bbox 373 1675 515 1738; x_wconf 89' lang='lat' dir='ltr'><strong>tutelam</strong></span> <span class='ocrx_word' id='word_1_105' title='bbox 531 1674 688 1739; x_wconf 90' lang='lat' dir='ltr'><strong>abierint.</strong></span> <span class='ocrx_word' id='word_1_106' title='bbox 727 1673 923 1741; x_wconf 85' lang='lat' dir='ltr'><strong>Verisimile</strong></span> <span class='ocrx_word' id='word_1_107' title='bbox 939 1672 1002 1738; x_wconf 91' lang='lat' dir='ltr'><strong>hoo</strong></span> <span class='ocrx_word' id='word_1_108' title='bbox 1019 1696 1079 1759; x_wconf 90' lang='lat' dir='ltr'><strong>per</strong></span> <span class='ocrx_word' id='word_1_109' title='bbox 1096 1696 1131 1737; x_wconf 88' lang='lat' dir='ltr'><strong>se</strong></span> <span class='ocrx_word' id='word_1_110' title='bbox 1155 1696 1229 1738; x_wconf 90' lang='lat' dir='ltr'><strong>esse</strong></span> <span class='ocrx_word' id='word_1_111' title='bbox 1251 1673 1396 1759; x_wconf 86' lang='lat' dir='ltr'><strong>videtur,</strong></span> 
     </span>
     <span class='ocr_line' id='line_1_14' title="bbox 230 1789 1395 1877; baseline 0.002 -24"><span class='ocrx_word' id='word_1_112' title='bbox 230 1789 260 1854; x_wconf 92' lang='lat' dir='ltr'><strong>si</strong></span> <span class='ocrx_word' id='word_1_113' title='bbox 283 1789 384 1854; x_wconf 88' lang='lat' dir='ltr'><strong>istam</strong></span> <span class='ocrx_word' id='word_1_114' title='bbox 413 1789 693 1855; x_wconf 89' lang='lat' dir='ltr'><strong>consuetudinem</strong></span> <span class='ocrx_word' id='word_1_115' title='bbox 720 1789 910 1876; x_wconf 89' lang='lat' dir='ltr'><strong>hieropoeis</strong></span> <span class='ocrx_word' id='word_1_116' title='bbox 939 1790 1109 1876; x_wconf 85' lang='lat' dir='ltr'><strong>propriam</strong></span> <span class='ocrx_word' id='word_1_117' title='bbox 1138 1792 1395 1877; x_wconf 85' lang='lat' dir='ltr'><strong>comparaveris.</strong></span> 
     </span>
     <span class='ocr_line' id='line_1_15' title="bbox 228 1905 1396 1990; baseline 0.001 -20"><span class='ocrx_word' id='word_1_118' title='bbox 228 1905 388 1990; x_wconf 82' lang='lat' dir='ltr'><strong>Accedit,</strong></span> <span class='ocrx_word' id='word_1_119' title='bbox 424 1905 514 1990; x_wconf 90' lang='lat' dir='ltr'><strong>quod</strong></span> <span class='ocrx_word' id='word_1_120' title='bbox 547 1928 642 1990; x_wconf 89' lang='lat' dir='ltr'><strong>vasa,</strong></span> <span class='ocrx_word' id='word_1_121' title='bbox 673 1906 715 1970; x_wconf 90' lang='lat' dir='ltr'><strong>de</strong></span> <span class='ocrx_word' id='word_1_122' title='bbox 740 1905 862 1990; x_wconf 90' lang='lat' dir='ltr'><strong>quibus</strong></span> <span class='ocrx_word' id='word_1_123' title='bbox 886 1905 1012 1989; x_wconf 91' lang='lat' dir='ltr'><strong>agitur,</strong></span> <span class='ocrx_word' id='word_1_124' title='bbox 1038 1907 1212 1971; x_wconf 91' lang='lat' dir='ltr'><strong>nonnullis</strong></span> <span class='ocrx_word' id='word_1_125' title='bbox 1234 1906 1317 1971; x_wconf 91' lang='lat' dir='ltr'><strong>locis</strong></span> <span class='ocrx_word' id='word_1_126' title='bbox 1341 1906 1396 1986; x_wconf 84' lang='lat' dir='ltr'><strong>(cf.</strong></span> 
     </span>
     <span class='ocr_line' id='line_1_16' title="bbox 227 2018 1395 2108; baseline 0.002 -23"><span class='ocrx_word' id='word_1_127' title='bbox 227 2021 249 2085; x_wconf 93' lang='lat' dir='ltr'><strong>l.</strong></span> <span class='ocrx_word' id='word_1_128' title='bbox 266 2021 288 2085; x_wconf 92' lang='lat' dir='ltr'><strong>l.</strong></span> <span class='ocrx_word' id='word_1_129' title='bbox 305 2044 336 2108; x_wconf 92' lang='lat' dir='ltr'><strong>p.</strong></span> <span class='ocrx_word' id='word_1_130' title='bbox 357 2018 434 2104; x_wconf 82' lang='lat'>144)</span> <span class='ocrx_word' id='word_1_131' title='bbox 458 2045 534 2085; x_wconf 90' lang='lat' dir='ltr'><strong>cum</strong></span> <span class='ocrx_word' id='word_1_132' title='bbox 557 2022 751 2088; x_wconf 89' lang='lat' dir='ltr'><strong>nominibus</strong></span> <span class='ocrx_word' id='word_1_133' title='bbox 776 2021 935 2085; x_wconf 85' lang='lat' dir='ltr'><strong>feriarum</strong></span> <span class='ocrx_word' id='word_1_134' title='bbox 960 2021 1140 2087; x_wconf 91' lang='lat' dir='ltr'><strong>coniuncta</strong></span> <span class='ocrx_word' id='word_1_135' title='bbox 1164 2023 1395 2088; x_wconf 85' lang='lat' dir='ltr'><strong>inveniuntur.</strong></span> 
     </span>
    </p>

    <p class='ocr_par' dir='ltr' id='par_1_6' title="bbox 229 2137 1399 2457">
     <span class='ocr_line' id='line_1_17' title="bbox 336 2137 1399 2223; baseline 0.001 -22"><span class='ocrx_word' id='word_1_136' title='bbox 336 2137 404 2202; x_wconf 80' lang='lat' dir='ltr'><strong>Sed</strong></span> <span class='ocrx_word' id='word_1_137' title='bbox 429 2138 622 2202; x_wconf 89' lang='lat' dir='ltr'><strong>coniectura</strong></span> <span class='ocrx_word' id='word_1_138' title='bbox 651 2139 736 2223; x_wconf 90' lang='lat' dir='ltr'><strong>sola,</strong></span> <span class='ocrx_word' id='word_1_139' title='bbox 768 2137 906 2202; x_wconf 89' lang='lat' dir='ltr'><strong>donaria</strong></span> <span class='ocrx_word' id='word_1_140' title='bbox 932 2159 1064 2221; x_wconf 90' lang='lat' dir='ltr'><strong>quoque</strong></span> <span class='ocrx_word' id='word_1_141' title='bbox 1089 2137 1267 2202; x_wconf 89' lang='lat' dir='ltr'><strong>civitatum</strong></span> <span class='ocrx_word' id='word_1_142' title='bbox 1292 2145 1326 2202; x_wconf 91' lang='lat' dir='ltr'><strong>et</strong></span> <span class='ocrx_word' id='word_1_143' title='bbox 1348 2161 1399 2202; x_wconf 92' lang='lat' dir='ltr'><strong>re·</strong></span> 
     </span>
     <span class='ocr_line' id='line_1_18' title="bbox 229 2252 1398 2338; baseline 0 -20"><span class='ocrx_word' id='word_1_144' title='bbox 229 2275 312 2338; x_wconf 88' lang='lat' dir='ltr'><strong>gum</strong></span> <span class='ocrx_word' id='word_1_145' title='bbox 347 2261 563 2318; x_wconf 84' lang='lat' dir='ltr'><strong>externorum</strong></span> <span class='ocrx_word' id='word_1_146' title='bbox 598 2253 695 2317; x_wconf 83' lang='lat' dir='ltr'><strong>festis</strong></span> <span class='ocrx_word' id='word_1_147' title='bbox 731 2253 850 2318; x_wconf 91' lang='lat' dir='ltr'><strong>diebus</strong></span> <span class='ocrx_word' id='word_1_148' title='bbox 886 2252 948 2316; x_wconf 88' lang='lat' dir='ltr'><strong>deo</strong></span> <span class='ocrx_word' id='word_1_149' title='bbox 984 2275 1056 2317; x_wconf 91' lang='lat' dir='ltr'><strong>esse</strong></span> <span class='ocrx_word' id='word_1_150' title='bbox 1092 2252 1184 2336; x_wconf 87' lang='lat' dir='ltr'><strong>data,</strong></span> <span class='ocrx_word' id='word_1_151' title='bbox 1220 2277 1398 2338; x_wconf 89' lang='lat' dir='ltr'><strong>possumus</strong></span> 
     </span>
     <span class='ocr_line' id='line_1_19' title="bbox 229 2364 1399 2457; baseline 0 -23"><span class='ocrx_word' id='word_1_152' title='bbox 229 2370 399 2454; x_wconf 89' lang='lat' dir='ltr'><strong>consequi.</strong></span> <span class='ocrx_word' id='word_1_153' title='bbox 443 2370 485 2433; x_wconf 86' lang='lat' dir='ltr'><strong>ln</strong></span> <span class='ocrx_word' id='word_1_154' title='bbox 509 2391 652 2454; x_wconf 92' lang='lat' dir='ltr'><strong>quorum</strong></span> <span class='ocrx_word' id='word_1_155' title='bbox 675 2392 815 2433; x_wconf 90' lang='lat' dir='ltr'><strong>numero</strong></span> <span class='ocrx_word' id='word_1_156' title='bbox 823 2364 848 2451; x_wconf 90' lang='grc'><strong>1)</strong></span> <span class='ocrx_word' id='word_1_157' title='bbox 874 2369 938 2432; x_wconf 81' lang='lat' dir='ltr'><strong>Oos</strong></span> <span class='ocrx_word' id='word_1_158' title='bbox 963 2375 997 2432; x_wconf 90' lang='lat' dir='ltr'><strong>et</strong></span> <span class='ocrx_word' id='word_1_159' title='bbox 1019 2367 1161 2433; x_wconf 87' lang='lat' dir='ltr'><strong>Rhodus</strong></span> <span class='ocrx_word' id='word_1_160' title='bbox 1186 2370 1316 2434; x_wconf 90' lang='lat' dir='ltr'><strong>insulae</strong></span> <span class='ocrx_word' id='word_1_161' title='bbox 1339 2394 1399 2457; x_wconf 91' lang='lat' dir='ltr'><strong>per</strong></span> 
     </span>
    </p>
   </div>
   <div class='ocr_carea' id='block_1_6' title="bbox 226 2484 1399 2572">
    <p class='ocr_par' dir='ltr' id='par_1_7' title="bbox 226 2484 1399 2572">
     <span class='ocr_line' id='line_1_20' title="bbox 226 2484 1399 2572; baseline -0.002 -24"><span class='ocrx_word' id='word_1_162' title='bbox 226 2485 367 2570; x_wconf 90' lang='lat' dir='ltr'><strong>longum</strong></span> <span class='ocrx_word' id='word_1_163' title='bbox 402 2486 564 2571; x_wconf 91' lang='lat' dir='ltr'><strong>temporis</strong></span> <span class='ocrx_word' id='word_1_164' title='bbox 600 2485 747 2572; x_wconf 90' lang='lat' dir='ltr'><strong>spatium</strong></span> <span class='ocrx_word' id='word_1_165' title='bbox 778 2508 797 2549; x_wconf 93' lang='lat' dir='ltr'><strong>a</strong></span> <span class='ocrx_word' id='word_1_166' title='bbox 830 2484 952 2569; x_wconf 91' lang='lat' dir='ltr'><strong>legatis</strong></span> <span class='ocrx_word' id='word_1_167' title='bbox 987 2485 1114 2548; x_wconf 80' lang='lat' dir='ltr'><strong>votivis</strong></span> <span class='ocrx_word' id='word_1_168' title='bbox 1150 2485 1171 2549; x_wconf 93' lang='lat' dir='ltr'><strong>i.</strong></span> <span class='ocrx_word' id='word_1_169' title='bbox 1204 2509 1231 2550; x_wconf 91' lang='lat' dir='ltr'><strong>e.</strong></span> <span class='ocrx_word' id='word_1_170' title='bbox 1256 2486 1399 2569; x_wconf 68' lang='grc' dir='ltr'><em>θεωροῖς</em></span> 
     </span>
    </p>
   </div>
   <div class='ocr_carea' id='block_1_7' title="bbox 184 2598 1398 3728">
    <p class='ocr_par' dir='ltr' id='par_1_8' title="bbox 184 2598 1398 3728">
     <span class='ocr_line' id='line_1_21' title="bbox 227 2598 1397 2687; baseline 0.003 -23"><span class='ocrx_word' id='word_1_171' title='bbox 227 2608 377 2687; x_wconf 91' lang='lat' dir='ltr'><strong>pateram</strong></span> <span class='ocrx_word' id='word_1_172' title='bbox 399 2601 664 2665; x_wconf 86' lang='lat' dir='ltr'><strong>anniversariam</strong></span> <span class='ocrx_word' id='word_1_173' title='bbox 680 2601 717 2664; x_wconf 93' lang='lat' dir='ltr'><strong>in</strong></span> <span class='ocrx_word' id='word_1_174' title='bbox 733 2601 913 2687; x_wconf 88' lang='lat' dir='ltr'><strong>Apollineo</strong></span> <span class='ocrx_word' id='word_1_175' title='bbox 935 2599 1170 2686; x_wconf 86' lang='lat' dir='ltr'><strong>deponendam</strong></span> <span class='ocrx_word' id='word_1_176' title='bbox 1191 2598 1397 2685; x_wconf 76' lang='lat' dir='ltr'><strong>curabant2).</strong></span> 
     </span>
     <span class='ocr_line' id='line_1_22' title="bbox 227 2715 1397 2804; baseline 0.003 -24"><span class='ocrx_word' id='word_1_177' title='bbox 227 2718 301 2782; x_wconf 89' lang='lat' dir='ltr'><strong>Hoc</strong></span> <span class='ocrx_word' id='word_1_178' title='bbox 325 2715 420 2781; x_wconf 82' lang='lat' dir='ltr'><strong>feriis</strong></span> <span class='ocrx_word' id='word_1_179' title='bbox 441 2717 612 2804; x_wconf 87' lang='lat' dir='ltr'><strong>Apollinis</strong></span> <span class='ocrx_word' id='word_1_180' title='bbox 628 2717 721 2781; x_wconf 91' lang='lat' dir='ltr'><strong>Delii</strong></span> <span class='ocrx_word' id='word_1_181' title='bbox 744 2717 813 2781; x_wconf 91' lang='lat' dir='ltr'><strong>illis</strong></span> <span class='ocrx_word' id='word_1_182' title='bbox 836 2716 1024 2781; x_wconf 91' lang='lat' dir='ltr'><strong>notissimis</strong></span> <span class='ocrx_word' id='word_1_183' title='bbox 1049 2716 1177 2782; x_wconf 87' lang='lat' dir='ltr'><strong>factum</strong></span> <span class='ocrx_word' id='word_1_184' title='bbox 1202 2741 1284 2804; x_wconf 83' lang='lat' dir='ltr'><strong>esse,</strong></span> <span class='ocrx_word' id='word_1_185' title='bbox 1309 2720 1397 2784; x_wconf 86' lang='lat' dir='ltr'><strong>veri-</strong></span> 
     </span>
     <span class='ocr_line' id='line_1_23' title="bbox 226 2832 1398 2920; baseline 0.003 -24"><span class='ocrx_word' id='word_1_186' title='bbox 226 2833 438 2897; x_wconf 91' lang='lat' dir='ltr'><strong>simillimum</strong></span> <span class='ocrx_word' id='word_1_187' title='bbox 479 2833 565 2897; x_wconf 92' lang='lat' dir='ltr'><strong>mihi</strong></span> <span class='ocrx_word' id='word_1_188' title='bbox 603 2832 749 2898; x_wconf 87' lang='lat' dir='ltr'><strong>videtur.</strong></span> <span class='ocrx_word' id='word_1_189' title='bbox 808 2834 1004 2919; x_wconf 83' lang='lat' dir='ltr'><strong>Sequuntur</strong></span> <span class='ocrx_word' id='word_1_190' title='bbox 1043 2856 1140 2918; x_wconf 91' lang='lat' dir='ltr'><strong>reges</strong></span> <span class='ocrx_word' id='word_1_191' title='bbox 1176 2834 1330 2920; x_wconf 81' lang='lat' dir='ltr'><strong>Aegypti</strong></span> <span class='ocrx_word' id='word_1_192' title='bbox 1364 2843 1398 2899; x_wconf 88' lang='lat' dir='ltr'><strong>et</strong></span> 
     </span>
     <span class='ocr_line' id='line_1_24' title="bbox 225 2944 1396 3035; baseline 0.001 -23"><span class='ocrx_word' id='word_1_193' title='bbox 225 2944 484 3034; x_wconf 75' lang='lat' dir='ltr'><strong>Macedoniae3),</strong></span> <span class='ocrx_word' id='word_1_194' title='bbox 510 2972 651 3034; x_wconf 89' lang='lat' dir='ltr'><strong>quorum</strong></span> <span class='ocrx_word' id='word_1_195' title='bbox 673 2951 821 3035; x_wconf 90' lang='lat' dir='ltr'><strong>primum</strong></span> <span class='ocrx_word' id='word_1_196' title='bbox 846 2949 1061 3014; x_wconf 89' lang='lat' dir='ltr'><strong>anathemata</strong></span> <span class='ocrx_word' id='word_1_197' title='bbox 1085 2951 1317 3014; x_wconf 85' lang='lat' dir='ltr'><strong>anniversaria</strong></span> <span class='ocrx_word' id='word_1_198' title='bbox 1340 2949 1396 3013; x_wconf 92' lang='lat' dir='ltr'><strong>de-</strong></span> 
     </span>
     <span class='ocr_line' id='line_1_25' title="bbox 184 3063 1395 3150; baseline 0.002 -22"><span class='ocrx_word' id='word_1_199' title='bbox 184 3101 186 3104; x_wconf 95' lang='lat'>·</span> <span class='ocrx_word' id='word_1_200' title='bbox 225 3063 355 3129; x_wconf 89' lang='lat' dir='ltr'><strong>dicasse</strong></span> <span class='ocrx_word' id='word_1_201' title='bbox 377 3066 610 3130; x_wconf 87' lang='lat' dir='ltr'><strong>Ptolemaeum</strong></span> <span class='ocrx_word' id='word_1_202' title='bbox 632 3065 658 3147; x_wconf 86' lang='lat' dir='ltr'><strong>l,</strong></span> <span class='ocrx_word' id='word_1_203' title='bbox 683 3066 771 3150; x_wconf 85' lang='lat' dir='ltr'><strong>Lagi</strong></span> <span class='ocrx_word' id='word_1_204' title='bbox 795 3065 917 3148; x_wconf 85' lang='lat' dir='ltr'><strong>lilium,</strong></span> <span class='ocrx_word' id='word_1_205' title='bbox 941 3066 1100 3129; x_wconf 89' lang='lat' dir='ltr'><strong>Homclle</strong></span> <span class='ocrx_word' id='word_1_206' title='bbox 1128 3065 1395 3150; x_wconf 89' lang='lat' dir='ltr'><strong>argumentando</strong></span> 
     </span>
     <span class='ocr_line' id='line_1_26' title="bbox 225 3179 1394 3266; baseline 0.002 -22"><span class='ocrx_word' id='word_1_207' title='bbox 225 3179 349 3245; x_wconf 90' lang='lat' dir='ltr'><strong>docuit.</strong></span> <span class='ocrx_word' id='word_1_208' title='bbox 395 3182 503 3266; x_wconf 88' lang='lat' dir='ltr'><strong>Regis</strong></span> <span class='ocrx_word' id='word_1_209' title='bbox 539 3180 719 3246; x_wconf 89' lang='lat' dir='ltr'><strong>consilium</strong></span> <span class='ocrx_word' id='word_1_210' title='bbox 754 3203 818 3264; x_wconf 90' lang='lat' dir='ltr'><strong>quo</strong></span> <span class='ocrx_word' id='word_1_211' title='bbox 854 3181 1059 3265; x_wconf 88' lang='lat' dir='ltr'><strong>spectaverit</strong></span> <span class='ocrx_word' id='word_1_212' title='bbox 1090 3188 1141 3245; x_wconf 87' lang='lat' dir='ltr'><strong>est</strong></span> <span class='ocrx_word' id='word_1_213' title='bbox 1164 3181 1394 3247; x_wconf 84' lang='lat' dir='ltr'><strong>manifestum.</strong></span> 
     </span>
     <span class='ocr_line' id='line_1_27' title="bbox 223 3295 1395 3381; baseline 0.001 -21"><span class='ocrx_word' id='word_1_214' title='bbox 223 3296 329 3361; x_wconf 89' lang='lat' dir='ltr'><strong>Delus</strong></span> <span class='ocrx_word' id='word_1_215' title='bbox 365 3296 484 3381; x_wconf 92' lang='lat' dir='ltr'><strong>insula,</strong></span> <span class='ocrx_word' id='word_1_216' title='bbox 522 3319 607 3381; x_wconf 92' lang='lat' dir='ltr'><strong>quae</strong></span> <span class='ocrx_word' id='word_1_217' title='bbox 642 3295 702 3359; x_wconf 89' lang='lat' dir='ltr'><strong>diu</strong></span> <span class='ocrx_word' id='word_1_218' title='bbox 725 3296 834 3381; x_wconf 92' lang='lat' dir='ltr'><strong>gloria</strong></span> <span class='ocrx_word' id='word_1_219' title='bbox 858 3303 1024 3380; x_wconf 84' lang='lat' dir='ltr'><strong>caruerat,</strong></span> <span class='ocrx_word' id='word_1_220' title='bbox 1057 3303 1139 3362; x_wconf 90' lang='lat' dir='ltr'><strong>tunc</strong></span> <span class='ocrx_word' id='word_1_221' title='bbox 1163 3296 1206 3361; x_wconf 91' lang='lat' dir='ltr'><strong>ad</strong></span> <span class='ocrx_word' id='word_1_222' title='bbox 1230 3320 1395 3362; x_wconf 89' lang='lat' dir='ltr'><strong>summam</strong></span> 
     </span>
     <span class='ocr_line' id='line_1_28' title="bbox 224 3411 1392 3481; baseline 0 -5"><span class='ocrx_word' id='word_1_223' title='bbox 224 3412 461 3477; x_wconf 89' lang='lat' dir='ltr'><strong>auctoritatem</strong></span> <span class='ocrx_word' id='word_1_224' title='bbox 495 3411 676 3476; x_wconf 89' lang='lat' dir='ltr'><strong>florescens</strong></span> <span class='ocrx_word' id='word_1_225' title='bbox 712 3411 749 3475; x_wconf 91' lang='lat' dir='ltr'><strong>in</strong></span> <span class='ocrx_word' id='word_1_226' title='bbox 783 3411 936 3476; x_wconf 90' lang='lat' dir='ltr'><strong>omnium</strong></span> <span class='ocrx_word' id='word_1_227' title='bbox 960 3435 1016 3477; x_wconf 90' lang='lat' dir='ltr'><strong>ore</strong></span> <span class='ocrx_word' id='word_1_228' title='bbox 1040 3436 1078 3478; x_wconf 92' lang='lat' dir='ltr'><strong>ac</strong></span> <span class='ocrx_word' id='word_1_229' title='bbox 1102 3435 1256 3481; x_wconf 86' lang='lat' dir='ltr'><strong>sermone</strong></span> <span class='ocrx_word' id='word_1_230' title='bbox 1280 3435 1392 3477; x_wconf 86' lang='lat' dir='ltr'><strong>versa-</strong></span> 
     </span>
     <span class='ocr_line' id='line_1_29' title="bbox 222 3523 1392 3611; baseline 0.002 -19"><span class='ocrx_word' id='word_1_231' title='bbox 222 3527 334 3611; x_wconf 70' lang='lat' dir='ltr'><strong>batur,</strong></span> <span class='ocrx_word' id='word_1_232' title='bbox 376 3551 455 3592; x_wconf 91' lang='lat' dir='ltr'><strong>nam</strong></span> <span class='ocrx_word' id='word_1_233' title='bbox 495 3535 623 3592; x_wconf 91' lang='lat' dir='ltr'><strong>ceteras</strong></span> <span class='ocrx_word' id='word_1_234' title='bbox 657 3527 823 3611; x_wconf 80' lang='lat' dir='ltr'><strong>Cycladas</strong></span> <span class='ocrx_word' id='word_1_235' title='bbox 859 3550 973 3592; x_wconf 90' lang='lat' dir='ltr'><strong>secum</strong></span> <span class='ocrx_word' id='word_1_236' title='bbox 1008 3527 1092 3593; x_wconf 90' lang='lat' dir='ltr'><strong>duce</strong></span> <span class='ocrx_word' id='word_1_237' title='bbox 1112 3523 1392 3611; x_wconf 78' lang='lat' dir='ltr'><strong>‚coniunxerat4).</strong></span> 
     </span>
     <span class='ocr_line' id='line_1_30' title="bbox 221 3642 1392 3728; baseline 0.001 -21"><span class='ocrx_word' id='word_1_238' title='bbox 221 3642 341 3728; x_wconf 89' lang='lat' dir='ltr'><strong>Itaque</strong></span> <span class='ocrx_word' id='word_1_239' title='bbox 369 3644 427 3708; x_wconf 90' lang='lat' dir='ltr'><strong>ille</strong></span> <span class='ocrx_word' id='word_1_240' title='bbox 455 3644 565 3728; x_wconf 90' lang='lat' dir='ltr'><strong>gratia</strong></span> <span class='ocrx_word' id='word_1_241' title='bbox 593 3642 898 3728; x_wconf 86' lang='lat' dir='ltr'><strong>benevolentiaque</strong></span> <span class='ocrx_word' id='word_1_242' title='bbox 926 3645 1057 3708; x_wconf 89' lang='lat' dir='ltr'><strong>insulae</strong></span> <span class='ocrx_word' id='word_1_243' title='bbox 1085 3665 1197 3708; x_wconf 90' lang='lat' dir='ltr'><strong>sacrae</strong></span> <span class='ocrx_word' id='word_1_244' title='bbox 1222 3666 1334 3708; x_wconf 87' lang='lat' dir='ltr'><strong>carere</strong></span> <span class='ocrx_word' id='word_1_245' title='bbox 1358 3666 1392 3708; x_wconf 90' lang='lat' dir='ltr'><strong>se</strong></span> 
     </span>
    </p>
   </div>
   <div class='ocr_carea' id='block_1_8' title="bbox 221 3979 1390 4412">
    <p class='ocr_par' dir='ltr' id='par_1_9' title="bbox 329 3979 1079 4053">
     <span class='ocr_line' id='line_1_31' title="bbox 329 3979 1079 4053; baseline 0.003 -19"><span class='ocrx_word' id='word_1_246' title='bbox 329 3979 356 4050; x_wconf 83' lang='lat'><strong>1)</strong></span> <span class='ocrx_word' id='word_1_247' title='bbox 374 3981 419 4034; x_wconf 89' lang='lat' dir='ltr'><strong>De</strong></span> <span class='ocrx_word' id='word_1_248' title='bbox 437 3979 614 4035; x_wconf 86' lang='lat' dir='ltr'><strong>Alexandria</strong></span> <span class='ocrx_word' id='word_1_249' title='bbox 633 3980 703 4035; x_wconf 90' lang='lat' dir='ltr'><strong>urbe</strong></span> <span class='ocrx_word' id='word_1_250' title='bbox 721 3981 757 4036; x_wconf 85' lang='lat' dir='ltr'><strong>cf.</strong></span> <span class='ocrx_word' id='word_1_251' title='bbox 777 3981 794 4037; x_wconf 93' lang='lat' dir='ltr'><strong>l.</strong></span> <span class='ocrx_word' id='word_1_252' title='bbox 813 3980 831 4034; x_wconf 90' lang='lat' dir='ltr'><strong>l.</strong></span> <span class='ocrx_word' id='word_1_253' title='bbox 851 3999 878 4053; x_wconf 89' lang='lat' dir='ltr'><strong>p.</strong></span> <span class='ocrx_word' id='word_1_254' title='bbox 900 3981 950 4035; x_wconf 89' lang='grc'><strong>165</strong></span> <span class='ocrx_word' id='word_1_255' title='bbox 969 3980 1034 4036; x_wconf 90' lang='lat' dir='ltr'><strong>adn.</strong></span> <span class='ocrx_word' id='word_1_256' title='bbox 1054 3983 1079 4036; x_wconf 85' lang='lat'><strong>5.</strong></span> 
     </span>
    </p>

    <p class='ocr_par' dir='ltr' id='par_1_10' title="bbox 221 4068 1390 4230">
     <span class='ocr_line' id='line_1_32' title="bbox 328 4068 1390 4143; baseline 0.005 -21"><span class='ocrx_word' id='word_1_257' title='bbox 328 4068 356 4140; x_wconf 80' lang='lat'><strong>2)</strong></span> <span class='ocrx_word' id='word_1_258' title='bbox 378 4070 421 4125; x_wconf 80' lang='lat' dir='ltr'><strong>ef.</strong></span> <span class='ocrx_word' id='word_1_259' title='bbox 441 4070 520 4124; x_wconf 86' lang='lat' dir='ltr'><strong>tituli</strong></span> <span class='ocrx_word' id='word_1_260' title='bbox 538 4071 556 4125; x_wconf 94' lang='lat' dir='ltr'><strong>l.</strong></span> <span class='ocrx_word' id='word_1_261' title='bbox 576 4073 593 4124; x_wconf 91' lang='lat' dir='ltr'><strong>l.</strong></span> <span class='ocrx_word' id='word_1_262' title='bbox 613 4090 638 4142; x_wconf 87' lang='lat' dir='ltr'><strong>p.</strong></span> <span class='ocrx_word' id='word_1_263' title='bbox 663 4073 740 4125; x_wconf 80' lang='lat'><strong>29-</strong></span> <span class='ocrx_word' id='word_1_264' title='bbox 753 4072 788 4125; x_wconf 89' lang='grc'><strong>54</strong></span> <span class='ocrx_word' id='word_1_265' title='bbox 805 4070 884 4143; x_wconf 85' lang='lat' dir='ltr'><strong>typis</strong></span> <span class='ocrx_word' id='word_1_266' title='bbox 903 4070 1031 4142; x_wconf 86' lang='lat' dir='ltr'><strong>expressi</strong></span> <span class='ocrx_word' id='word_1_267' title='bbox 1049 4070 1140 4126; x_wconf 90' lang='lat' dir='ltr'><strong>lineas</strong></span> <span class='ocrx_word' id='word_1_268' title='bbox 1160 4071 1202 4142; x_wconf 83' lang='lat'><strong>31,</strong></span> <span class='ocrx_word' id='word_1_269' title='bbox 1222 4070 1264 4142; x_wconf 89' lang='grc'><strong>35,</strong></span> <span class='ocrx_word' id='word_1_270' title='bbox 1283 4071 1327 4142; x_wconf 83' lang='grc'><strong>37,</strong></span> <span class='ocrx_word' id='word_1_271' title='bbox 1346 4071 1390 4142; x_wconf 86' lang='grc'><strong>38,</strong></span> 
     </span>
     <span class='ocr_line' id='line_1_33' title="bbox 221 4159 626 4230; baseline 0.002 -17"><span class='ocrx_word' id='word_1_272' title='bbox 221 4159 263 4228; x_wconf 88' lang='grc'><strong>39,</strong></span> <span class='ocrx_word' id='word_1_273' title='bbox 283 4159 325 4228; x_wconf 88' lang='grc'><strong>94,</strong></span> <span class='ocrx_word' id='word_1_274' title='bbox 345 4161 387 4228; x_wconf 87' lang='grc'><strong>95,</strong></span> <span class='ocrx_word' id='word_1_275' title='bbox 408 4160 467 4228; x_wconf 82' lang='grc'><strong>107,</strong></span> <span class='ocrx_word' id='word_1_276' title='bbox 488 4161 547 4230; x_wconf 88' lang='grc'><strong>109,</strong></span> <span class='ocrx_word' id='word_1_277' title='bbox 567 4162 626 4214; x_wconf 79' lang='lat'><strong>162.</strong></span> 
     </span>
    </p>

    <p class='ocr_par' dir='ltr' id='par_1_11' title="bbox 326 4247 1123 4321">
     <span class='ocr_line' id='line_1_34' title="bbox 326 4247 1123 4321; baseline 0.003 -19"><span class='ocrx_word' id='word_1_278' title='bbox 326 4248 355 4319; x_wconf 86' lang='lat'><strong>3)</strong></span> <span class='ocrx_word' id='word_1_279' title='bbox 374 4248 480 4303; x_wconf 86' lang='lat' dir='ltr'><strong>Rarius</strong></span> <span class='ocrx_word' id='word_1_280' title='bbox 498 4267 581 4320; x_wconf 85' lang='lat' dir='ltr'><strong>reges</strong></span> <span class='ocrx_word' id='word_1_281' title='bbox 600 4249 699 4321; x_wconf 86' lang='lat' dir='ltr'><strong>Syriae</strong></span> <span class='ocrx_word' id='word_1_282' title='bbox 717 4250 855 4321; x_wconf 87' lang='lat' dir='ltr'><strong>leguntur</strong></span> <span class='ocrx_word' id='word_1_283' title='bbox 873 4247 912 4321; x_wconf 83' lang='lat' dir='ltr'><strong>(p.</strong></span> <span class='ocrx_word' id='word_1_284' title='bbox 932 4250 983 4304; x_wconf 83' lang='lat'><strong>158</strong></span> <span class='ocrx_word' id='word_1_285' title='bbox 1002 4250 1067 4304; x_wconf 89' lang='lat' dir='ltr'><strong>adn.</strong></span> <span class='ocrx_word' id='word_1_286' title='bbox 1087 4249 1123 4321; x_wconf 84' lang='grc'><strong>6).</strong></span> 
     </span>
    </p>

    <p class='ocr_par' dir='ltr' id='par_1_12' title="bbox 328 4338 1028 4412">
     <span class='ocr_line' id='line_1_35' title="bbox 328 4338 1028 4412; baseline 0.009 -22"><span class='ocrx_word' id='word_1_287' title='bbox 328 4339 356 4406; x_wconf 87' lang='grc'><strong>4)</strong></span> <span class='ocrx_word' id='word_1_288' title='bbox 376 4339 393 4392; x_wconf 94' lang='lat' dir='ltr'><strong>l.</strong></span> <span class='ocrx_word' id='word_1_289' title='bbox 413 4338 431 4392; x_wconf 92' lang='lat' dir='ltr'><strong>l.</strong></span> <span class='ocrx_word' id='word_1_290' title='bbox 450 4357 477 4410; x_wconf 88' lang='lat' dir='ltr'><strong>p.</strong></span> <span class='ocrx_word' id='word_1_291' title='bbox 499 4340 562 4409; x_wconf 78' lang='lat'>157;</span> <span class='ocrx_word' id='word_1_292' title='bbox 582 4339 618 4393; x_wconf 85' lang='lat' dir='ltr'><strong>cf.</strong></span> <span class='ocrx_word' id='word_1_293' title='bbox 638 4340 742 4394; x_wconf 89' lang='lat' dir='ltr'><strong>Bullet.</strong></span> <span class='ocrx_word' id='word_1_294' title='bbox 762 4339 812 4395; x_wconf 84' lang='lat' dir='ltr'><strong>IV.</strong></span> <span class='ocrx_word' id='word_1_295' title='bbox 831 4358 858 4412; x_wconf 90' lang='lat' dir='ltr'><strong>p.</strong></span> <span class='ocrx_word' id='word_1_296' title='bbox 877 4340 1028 4396; x_wconf 77' lang='lat'><strong>320-334.</strong></span> 
     </span>
    </p>
   </div>
   <div class='ocr_carea' id='block_1_9' title="bbox 0 0 1572 4958">
    <p class='ocr_par' dir='ltr' id='par_1_13' title="bbox 0 0 1572 4958">
     <span class='ocr_line' id='line_1_36' title="bbox 0 0 1572 4958; baseline 0 4"><span class='ocrx_word' id='word_1_297' title='bbox 0 0 1572 4958; x_wconf 95' lang='lat' dir='ltr'><strong> </strong></span> 
     </span>
    </p>
   </div>
  </div>
 </body>
</html>
