3134 4958
676 288 966 389 --4e--¹

200 511 297 570 erant
331 501 481 570 donaria.
539 503 661 570 Cetera
688 526 820 590 quoque
847 505 961 570 omnia
988 503 1203 570 archontium
1231 505 1370 571 anathe-

197 628 303 707 mata,
333 622 364 686 si
388 627 574 709 computes,
604 621 641 686 in
664 620 727 685 hac
750 621 832 686 urbe
855 620 961 686 fuisse
984 643 1052 686 uno
1060 615 1083 701 ¹)
1107 619 1207 687 modo
1231 629 1371 707 excepto

197 738 366 804 invenies.
414 738 482 804 Our
505 744 619 802 eutem
641 759 695 802 res
719 761 755 803 se
778 738 827 802 ita
849 737 981 822 hebeat,
1006 760 1067 824 per
1090 760 1126 802 se
1149 743 1254 824 patet.

306 856 425 940 Neque
448 855 579 920 minora
603 860 684 919 sunt
707 853 846 918 donaria
868 876 1198 940 agoranomorum
1227 854 1310 939 sive,
1333 863 1373 920 ut

196 971 305 1038 latine
327 971 454 1057 loquar,
479 971 649 1036 aedilium.
685 971 737 1035 De
755 969 876 1056 quibus
893 970 934 1035 Gr.
952 965 1238 1053 Hirschfeldius2)
1262 971 1371 1037 tribus

197 1087 298 1153 annis
322 1094 401 1153 ante
424 1087 528 1152 verba
552 1085 720 1172 fecitquae
743 1086 904 1172 respicias
927 1085 1041 1152 velim.
1089 1086 1238 1151 Numero
1257 1093 1371 1152 autem

200 1204 356 1291 exempla
378 1203 496 1268 attulit
519 1202 798 1289 quattuordecim,
823 1224 907 1287 quae
930 1201 987 1266 hic
1011 1224 1208 1267 enumerare
1231 1203 1371 1289 longum

197 1327 260 1386 eet.
319 1319 384 1384 His
419 1321 583 1386 nonnulla
617 1319 706 1384 adici
739 1324 892 1405 possunt.
951 1318 1019 1384 Sed
1049 1319 1170 1383 ceteris
1205 1316 1372 1402 1111111113)
1453 1408 1454 1412 Ἰ

195 1458 304 1502 unum
332 1433 432 1501 modo
465 1435 811 1501 commemoraverim:
849 1439 900 1498 est
924 1440 1035 1498 statua
1058 1435 1233 1520 Mercurii,
1270 1458 1371 1520 quam

196 1551 338 1640 Apelles
374 1547 511 1632 aediis4)
546 1552 583 1616 in
611 1551 683 1617 foro
710 1552 921 1636 Pergameno
950 1550 1160 1615 consecrauit
1183 1551 1369 1638 Nymphis3

196 1691 302 1734 manu
329 1674 443 1733 autem
470 1667 609 1733 tenebat
643 1667 831 1733 Mercurius
857 1666 1115 1753 Cornucopiam,
1153 1690 1194 1731 ex
1228 1690 1293 1752 qua
1326 1668 1370 1734 ad

196 1783 297 1850 hores
332 1783 592 1869 distinguendas
628 1766 714 1869 aqua
749 1784 909 1848 stillabat.
970 1784 1070 1849 Nunc
1104 1783 1221 1869 paucis
1256 1783 1370 1851 verbis

199 1899 414 1988 quaestiones
439 1899 480 1964 de
504 1899 653 1964 donariis
681 1899 843 1964 aedilium
866 1898 1036 1964 universis
1059 1897 1232 1963 habendas
1256 1922 1370 1984 perse·

201 2038 291 2121 quar.
339 2015 436 2093 Quod
459 2015 583 2080 attinet
607 2038 722 2080 eorum
745 2022 894 2102 tempus,
930 2037 949 2080 1
974 2015 1106 2080 saeculo
1129 2015 1180 2080 IV
1203 2038 1232 2080 a.
1258 2011 1370 2095 Chul)

79 2208 82 2212 ,
199 2153 304 2218 usque
328 2131 371 2196 ad
395 2132 564 2197 saeculum
587 2132 623 2196 Π
645 2155 677 2218 p.
704 2127 816 2215 Chul)
841 2131 1078 2212 inveniuntur,
1114 2130 1274 2216 pleraque
1298 2137 1371 2196 orta

197 2256 278 2314 sunt
302 2247 363 2312 sub
387 2247 491 2312 finem
515 2248 641 2313 saeculi
663 2248 680 2312 I
704 2271 733 2312 a.
757 2247 835 2313 Chr.
861 2253 919 2311 aut
942 2246 1043 2312 initio
1067 2247 1193 2312 saeculi
1207 2247 1225 2310 I
1240 2269 1272 2332 p.
1291 2246 1370 2312 Chr.

196 2363 228 2430 Ii
252 2365 311 2450 qui
335 2364 537 2430 dedicabant
560 2364 627 2450 ipsi
651 2387 686 2428 se
709 2364 888 2429 nominant
912 2371 971 2428 aut
994 2352 1216 2447 ἀγορανόμους
1238 2356 1371 2444 γενομέ-

65 2496 69 2503 ·
123 2466 126 2471 ’
197 2501 285 2556 νους,
321 2481 357 2546 id
381 2479 472 2566 quod
501 2480 544 2545 ad
571 2480 808 2565 magistratum
836 2479 935 2545 modo
959 2479 1085 2544 initum
1108 2479 1194 2544 mihi
1218 2485 1371 2565 spectare

196 2595 348 2680 videtur,
385 2602 444 2661 aut
479 2585 800 2681 ἆγορανομήοαντας,
837 2619 902 2683 quo
930 2597 998 2661 iam
1026 2593 1231 2681 magistratu
1259 2594 1372 2662 functi

197 2711 400 2800 significari,
435 2719 493 2776 aut
528 2701 752 2796 ἀγορανόμους
788 2701 882 2786 όνιας
906 2712 980 2778 sive
1004 2701 1226 2795 ἀγορανόμους
1262 2713 1371 2778 solum

198 2817 579 2912 1111ἆγοραιόμοῡντας,
604 2828 640 2892 id
668 2829 758 2913 quod
780 2829 871 2894 haud
895 2828 963 2893 scic
988 2851 1031 2893 an
1053 2828 1224 2914 pertineat
1248 2828 1290 2893 ad
1315 2851 1371 2894 eos

198 2946 257 3032 qui
300 2946 537 3031 magistratum
581 2945 832 3030 capessiverant
865 2943 1083 3028 nondumque
1119 2943 1370 3010 abdicaverant.

197 3063 228 3128 E
253 3062 374 3147 quibus
397 3060 571 3127 vocabulis
595 3060 829 3146 quodcumque
852 3059 993 3145 legitur,
1019 3082 1152 3148 semper
1174 3061 1371 3147 agoranomi

198 3185 288 3244 certe
311 3179 347 3243 id
371 3179 528 3264 agebant,
544 3184 583 3242 ut
606 3177 803 3243 memoriam
826 3176 976 3241 muneris
1000 3176 1054 3241 sui
1077 3176 1226 3242 donariis
1249 3200 1369 3264 propa·

197 3301 319 3381 gerent
353 3295 396 3359 ed
429 3301 591 3381 posterea.
642 3294 793 3360 Donaria
827 3293 1050 3360 inveniuntur
1083 3293 1230 3358 maxime
1264 3293 1368 3360 varia.

197 3411 265 3475 Hic
289 3417 404 3476 tamen
427 3433 466 3475 11
495 3433 691 3476 enumerare
719 3411 797 3475 nolo
827 3415 861 3474 et
883 3410 997 3495 relego
1021 3409 1064 3474 ad
1086 3408 1367 3475 Hirschfeldium.

196 3525 239 3591 ld
261 3549 376 3613 unum,
402 3526 492 3614 quod
514 3527 575 3594 1.1.
600 3551 632 3614 p.
658 3526 838 3611 condixit,
863 3531 1025 3612 repetam,
1051 3525 1189 3591 donaria
1205 3525 1368 3590 aedilium

197 3761 409 3770 m

323 3922 333 3987 )
352 3936 438 3992 supra
457 3939 483 3992 p.
502 3921 539 3975 44
557 3920 622 3976 adn.
642 3920 668 3976 3.

322 4008 331 4079 )
351 4010 422 4064 Zeit.
442 4011 462 4067 s.
482 4010 508 4067 d.
528 4015 628 4065 teterr.
648 4011 732 4081 Gym.
754 4009 823 4064 1882
841 4027 868 4080 p.
888 4007 948 4063 502.
970 4007 1030 4062 503.

323 4098 332 4168 )
352 4099 387 4154 In
407 4099 509 4169 quibus
528 4118 565 4154 ne
582 4100 613 4154 id
632 4099 747 4170 quidem
765 4098 887 4170 perspici
904 4102 1009 4169 potest,
1029 4095 1098 4168 quid
1117 4095 1280 4152 dedicatum
1299 4095 1345 4151 sit.

322 4187 332 4260 )
352 4190 446 4245 (lonze
465 4188 553 4244 Sitzb.
572 4190 647 4244 Berl.
667 4188 722 4243 Al.
743 4189 813 4242 1884
831 4206 858 4260 p.
879 4189 920 4244 10.
941 4189 982 4244 11.

306 3921 320 3974 1

304 4014 321 4064 2

304 4100 321 4154 3

263 4178 264 4182 ¹
304 4191 322 4244 4

304 4279 331 4350 5)
351 4279 485 4351 Exempli
513 4279 608 4350 gratia
638 4276 727 4333 affero
758 4277 847 4332 Sicini
878 4282 908 4332 et
937 4275 1135 4332 Halicarnassi
1168 4275 1299 4330 donaria:
1315 4275 1369 4352 cf.

198 4367 326 4424 Hirschf.

253 4475 255 4478 ’
305 4458 332 4532 6)
351 4460 500 4515 Admoneo
520 4457 622 4531 Gythii
640 4460 816 4531 exemplum:
836 4457 872 4512 cf.
892 4456 1021 4512 Hirschf.
