3134 4958
731 326 949 392 ..44-

254 537 364 605 simile
399 547 564 606 narratur.
612 542 747 628 Eotypa
775 541 867 606 enim
895 540 1002 627 ipsius
1038 541 1269 626 sociorumque
1301 539 1426 606 throno

253 653 425 742 Apollinis
436 655 620 742 Amyclaeo
633 657 752 722 adfixit
759 653 783 736 1)
800 663 835 722 et
850 657 1032 741 dedicavit,
1049 657 1079 721 si
1095 657 1179 722 fidas
1192 657 1380 722 Pausaniae
1387 652 1424 741 ²),

253 778 382 838 statuas
406 773 600 838 Gratiarum
624 780 659 839 et
681 773 812 839 Dianae
835 765 1080 858 Λευκοφρύνης.

360 889 459 954 Nunc
482 912 664 976 persequar
688 890 855 955 donaria
878 912 1012 955 eorum
1036 890 1104 976 qui
1126 912 1267 954 munus
1290 888 1425 974 publi-

256 1025 340 1069 cum
365 1013 634 1092 susceperant.
686 1007 733 1071 Et
760 1007 798 1071 in
825 1005 888 1071 1100
917 1006 1055 1092 quidem
1079 1005 1319 1070 dissertatione
1343 1004 1425 1070 duo·

254 1141 329 1186 rum
352 1120 461 1205 modo,
486 1121 699 1187 archontium
723 1128 758 1187 et
781 1144 1069 1206 agoranomorum,
1104 1122 1271 1186 rationem
1305 1120 1424 1188 1101100.

360 1238 492 1325 Incipio
516 1238 557 1303 ab
581 1238 853 1304 archontibus
899 1238 1150 1323 Antiquissima
1174 1238 1327 1323 exempla
1352 1254 1424 1301 sae·

253 1354 327 1420 culo
351 1355 401 1421 VI
424 1378 453 1420 a.
479 1355 558 1421 Ohr.
583 1355 798 1420 attribuenda
822 1361 910 1421 sunt.
948 1356 1023 1420 Hoc
1047 1353 1139 1420 enim
1163 1354 1294 1419 saeculo
1318 1352 1423 1418 Arce-

252 1468 346 1535 sinae
369 1470 407 1536 in
429 1469 572 1557 Amorgi
595 1471 678 1537 urbe
702 1471 853 1536 Sondrus
877 1477 911 1536 et
927 1470 1093 1536 Pisander
1116 1492 1207 1534 010111
1215 1463 1241 1552 ⁸)
1266 1475 1300 1533 et
1315 1468 1424 1534 Athe·

176 1653 179 1659 ,
252 1584 306 1651 nis
329 1586 547 1673 Pisistratus,
570 1588 711 1673 tyranni
734 1587 826 1652 illius
849 1587 1022 1652 notissimi
1049 1609 1168 1673 nepos,
1192 1585 1275 1650 item
1300 1580 1425 1665 aram4)

252 1709 543 1769 consecraverunt.
590 1705 692 1769 Hunc
727 1703 764 1768 id
798 1703 934 1789 fecisse,
969 1709 1149 1791 postquam
1183 1723 1324 1766 munere
1354 1702 1425 1767 iam

251 1817 389 1884 functus
425 1825 492 1905 est,
528 1827 671 1886 constat.
718 1819 786 1886 Sed
818 1821 870 1886 illi
898 1819 1033 1905 quando
1062 1819 1297 1885 dedicaverint
1320 1841 1423 1902 aram,

251 1957 320 2000 non
355 1936 582 2022 intellegitur,
617 1958 693 2001 cum
727 1943 864 2023 propter
891 1935 1094 2002 vocabulum
1123 1923 1315 2017 ,,1ἷρχο11ος“
1349 1957 1424 2000 esse

251 2051 383 2136 possint
406 2058 464 2117 aut
488 2053 725 2138 magistratum
753 2053 912 2118 ineuntes
948 2058 1006 2118 aut
1040 2053 1108 2116 iam
1143 2051 1424 2116 administrantes

251 2174 310 2233 aut
344 2190 383 2233 eo
407 2167 526 2233 functi.
575 2169 715 2234 Saeculo
738 2171 770 2236 V
804 2169 1034 2255 Areopagitae
1062 2167 1301 2251 Athenienses,
1338 2189 1422 2252 quos
1456 2255 1465 2262 ῃ

251 2281 357 2348 fuisse
381 2285 558 2349 archontes
583 2285 722 2369 scimus,
754 2285 791 2349 in
819 2307 894 2349 arce
919 2284 1161 2349 dedicaverunt
1184 2290 1319 2348 taurum
1342 2283 1421 2348 ahe-

250 2422 362 2466 neum.
403 2401 479 2486 Qui,
504 2401 648 2466 sirecte
673 2407 788 2466 censet
810 2403 850 2466 E.
877 2395 1058 2484 Curtiusl),
1082 2399 1279 2465 referendus
1304 2400 1422 2465 estad

251 2516 340 2581 bella
373 2517 521 2582 Persica.
577 2518 676 2582 Oirca
709 2517 802 2581 idem
835 2523 969 2603 tempus
999 2516 1179 2600 collegium
1207 2515 1421 2581 archontium

249 2654 374 2699 novem
397 2632 675 2718 Atheniensium,
711 2656 788 2698 cum
823 2633 957 2698 moenia
990 2632 1104 2696 Piraei
1139 2632 1268 2697 exstrui
1303 2640 1422 2718 coepta

250 2754 374 2834 essent,
398 2756 544 2815 statuam
568 2748 741 2816 dedicavit
763 2749 934 2815 Mercurii.
942 2744 968 2833 6)
1001 2749 1142 2815 Saeculo
1158 2748 1208 2814 IV
1224 2747 1421 2813 Anticrates

249 2863 487 2951 Atheniensis,
521 2889 660 2932 munere
688 2865 936 2932 thesmothetae
960 2864 1112 2950 1111101110,
1148 2886 1306 2929 coronam
1329 2864 1420 2929 dica·

249 2976 343 3062 vit.⁷)
389 2983 638 3049 Posteriorihus
661 2983 870 3070 temporibus
895 2989 968 3047 orta
991 2987 1072 3046 sunt
1094 2982 1258 3046 nonnulla
1281 2981 1420 3045 anathe-

249 3103 349 3183 mata,
376 3121 460 3184 quae
484 3101 579 3164 cuius
602 3101 737 3184 generis
760 3098 890 3163 fuerint
905 3097 1007 3162 hodie
1024 3097 1198 3183 explanari
1213 3119 1282 3161 non
1298 3103 1420 3182 potest.

249 3213 327 3278 Huc
350 3214 458 3279 refero
483 3216 698 3281 anathemata
721 3214 892 3279 archontis
917 3212 1092 3278 cuiusdam
1120 3207 1327 3300 eponymi⁸)‚
1363 3213 1422 3297 qui

249 3329 339 3394 vixit
361 3330 512 3418 Augusti
535 3338 656 3416 aetate,
679 3330 886 3416 polemarchi
910 3324 1116 3407 cuiusdam⁹)
1141 3335 1176 3394 et
1197 3329 1288 3414 regis
1310 3328 1421 3393 ouius-

251 3441 384 3532 dam10),
410 3448 468 3534 qui
491 3448 652 3514 vixerunt
667 3447 806 3513 Traiani
830 3453 950 3512 aetate.
987 3446 1108 3512 Trium
1130 3445 1251 3511 horum
1273 3444 1420 3510 Athenis

250 3602 462 3626 L*—

359 3685 385 3756 1)
405 3687 449 3742 cf.
468 3687 570 3742 Brunn
588 3688 603 3742 Ι
622 3706 647 3758 p.
668 3689 710 3741 57.

357 3775 567 3846 Qffiffid

357 3867 384 3934 3)
404 3866 478 3920 Bull.
498 3867 541 3921 VI
559 3885 585 3938 p.
607 3866 665 3922 189.

405 3956 495 4010 Thuc.
514 3956 564 4021 VI,
584 3956 630 4026 54;
651 3956 681 4010 O.
700 3955 729 4009 J.
748 3954 796 4024 A,
823 3954 858 4009 cf.
879 3955 912 4009 E.
933 3953 1050 4008 Curtius
1068 3953 1099 4007 in
1118 3953 1187 4007 dier.
1208 3952 1364 4022 „Hermes“
1384 3953 1420 4008 X.

405 4043 1130 4114 mmmmvdstfflunGmdffllpffih

406 4225 664 4294 OOEQLffl.

406 4313 757 4382 Qanfflstnffl

405 4405 498 4458 nQ

342 4494 498 4564 Qnffi

356 3956 386 4025 0

358 4043 386 4113 5)

358 4135 386 4204 6)
406 4135 437 4190 O.
456 4135 657 4203 Wechsmuth,
677 4134 732 4188 Die
751 4133 834 4188 Stadt
853 4133 950 4187 Athen
969 4133 984 4187 Ι
1002 4151 1029 4204 p.
1049 4134 1110 4187 208.

358 4225 386 4383 l

358 4403 387 4472 9)
