3134 4958
671 259 889 324 ..46..

194 482 253 541 aut
276 497 352 540 cum
376 496 516 539 munere
539 474 613 560 ipso
621 469 646 558 ¹)
670 479 729 539 aut
752 497 828 539 cum
852 474 924 538 deis
948 474 1007 558 qui
1034 473 1105 538 sint
1128 473 1224 560 quasi
1246 494 1370 538 mune·

194 592 241 656 ris
264 585 468 678 praesides2)
492 597 583 655 arcte
608 590 806 655 cohaesisse.
852 590 1084 676 Excipiendae
1108 613 1181 655 esse
1204 588 1371 654 videntur

195 706 375 793 Cupidinis
400 712 539 791 statuae,
565 728 648 790 quas
672 713 706 771 et
730 705 892 772 Sardibus
917 712 950 770 et
974 705 1145 791 Sagalassi
1168 704 1369 770 invenimus

194 822 378 887 dedicatas.
427 821 519 898 Quae
542 821 629 886 ratio
653 822 743 886 inter
766 820 827 885 has
856 827 984 886 statuas
1009 827 1043 885 et
1066 822 1228 886 aedilium
1252 820 1370 886 officia

195 938 268 1003 sive
293 937 373 1002 deos
396 937 567 1024 praesides
591 937 832 1021 intercesserit,
856 938 1032 1022 exquirere
1054 960 1123 1002 non
1146 959 1293 1022 possum.

301 1054 476 1118 Hactenus
501 1053 543 1117 de
566 1053 827 1138 magistratuum
851 1052 1011 1118 donariis.

301 1169 374 1234 lam
397 1191 478 1234 vero
502 1169 732 1254 anathemata,
762 1191 847 1254 quae
871 1169 913 1234 ad
936 1169 1031 1234 varia
1053 1169 1229 1234 homiuum
1252 1168 1370 1234 studia

194 1285 379 1372 pertinent,
403 1291 665 1350 commemoratu
689 1285 893 1371 dignissima
915 1308 935 1349 a
957 1307 1011 1348 me
1035 1285 1136 1350 allata
1160 1307 1232 1349 esse
1257 1306 1367 1370 spere.

302 1437 333 1502 3.
378 1437 422 1502 In
444 1437 547 1502 tertia
563 1437 625 1502 hac
640 1443 735 1523 parte
752 1460 791 1501 ea
807 1437 1046 1502 contineantur
1062 1436 1241 1521 donaria,
1267 1459 1370 1522 quae

197 1575 354 1618 causam
377 1552 528 1617 habent
552 1575 665 1618 casus
692 1553 802 1617 vitae
830 1553 1024 1618 humanae
1048 1553 1193 1618 varios.
1251 1552 1370 1638 Atque

196 1668 324 1755 incipio
348 1669 389 1733 ab
413 1667 697 1753 anathematiS,
732 1691 896 1753 quorum
930 1675 1113 1734 auctores
1150 1691 1168 1733 e
1204 1669 1370 1734 calami·

196 1791 281 1851 tate
319 1783 485 1870 quadam
524 1807 563 1848 se
603 1785 905 1870 expediverant.
971 1787 1025 1850 Ex
1078 1785 1179 1850 huius
1229 1785 1370 1870 generis

196 1901 359 1987 exemplis
395 1900 560 1965 donaria
595 1900 641 1964 ad
675 1901 782 1966 bella
808 1902 1064 1986 pertinentia
1091 1901 1200 1988 primo
1228 1900 1370 1965 afferam

195 2019 277 2083 loce.
336 2018 500 2082 Hercules
528 2017 737 2103 Hippocrate
764 2017 913 2103 filiisque
950 2019 1052 2083 victis
1081 2019 1221 2103 Spartae
1249 2016 1370 2082 fanum

195 2135 371 2200 Minervae
389 2123 639 2213 -Ἀξιοποίνας3)
663 2139 698 2198 et
726 2134 868 2197 Iunonis
891 2125 1136 2218 Aiyospoiyoffi),
1181 2132 1283 2197 Elide
1308 2155 1367 2198 ex-

194 2257 347 2338 pugnata
362 2251 399 2315 in
414 2249 581 2314 Arcadiae
604 2249 687 2314 urbe
703 2249 848 2333 quadam
870 2249 988 2315 fanum
1003 2249 1174 2336 Apollinis
1198 2241 1366 2329 Πυθίουὸ)

196 2367 387 2433 condidisse
412 2365 546 2431 dicitur.
606 2365 697 2442 Quin
725 2365 828 2429 etiam
855 2367 1010 2453 Dryopes
1039 2367 1129 2453 ipsos
1152 2366 1367 2451 Phylamque

195 2505 312 2568 regem
360 2482 469 2547 victos
519 2481 674 2567 Apollini
712 2503 923 2546 consecrasse
961 2477 1161 2569 Delphicol)
1200 2489 1367 2550 narratur.

195 2598 315 2683 Abiae,
339 2596 437 2683 Hylli
452 2597 589 2681 nutrici,
606 2596 725 2661 fanum
741 2597 908 2684 Herculis,
934 2599 1024 2684 quod
1039 2604 1111 2663 erat
1125 2592 1244 2681 hae⁷)‚
1269 2599 1366 2663 attri-

87 2810 88 2815 γ
194 2714 320 2780 buitur.
356 2713 413 2780 Ad
428 2713 606 2797 Theseum,
631 2719 811 2799 postquam
833 2713 919 2779 vicit
938 2714 1165 2799 Asterionem,
1189 2715 1365 2800 templum,

197 2831 288 2916 quod
311 2836 382 2896 erat
406 2829 604 2915 Troezenes,
628 2830 759 2895 Dianae
776 2824 983 2916 Eoccr'pc98),
1007 2831 1051 2896 ad
1070 2831 1260 2897 Amazones
1283 2830 1366 2896 Dia-

195 2969 260 3012 nae
296 2935 509 3031 Ἀστρατείας
550 2953 584 3011 et
617 2946 788 3033 Apollinis
821 2935 1017 3026 Ἀμαξονίου
1051 2954 1181 3012 statuae
1189 2942 1215 3030 ⁹)
1260 2947 1368 3013 Laco-

195 3063 273 3128 niae
288 3064 362 3129 loco
379 3063 525 3148 quodam
539 3063 670 3149 positae
686 3062 889 3129 referuntur.
924 3062 1110 3148 Hecubam,
1133 3069 1173 3127 ut
1196 3062 1369 3129 excidium

196 3178 317 3245 Troiae
341 3179 573 3266 impediretur,
597 3179 775 3245 Minervae
795 3179 1076 3266 pretiosissimam
1093 3201 1111 3243 e
1127 3179 1280 3245 vestibus
1297 3180 1368 3245 suis

195 3412 407 3421 ———--—.-—-—-

304 3537 331 3604 1)
350 3535 484 3607 Exempli
502 3533 598 3607 gratia
625 3533 715 3591 affero
735 3541 862 3590 statuam
880 3535 960 3591 illam
978 3528 1115 3591 Mercurii
1133 3533 1271 3607 Pergami
1290 3534 1368 3590 dedi·

196 3630 303 3680 catam:
323 3643 410 3698 supra
427 3644 454 3697 p.
474 3626 509 3679 45
528 3626 593 3682 adn.
613 3627 638 3680 4.

302 3714 330 3786 2)
349 3716 429 3770 velut
456 3719 568 3770 statuas
592 3715 728 3770 Mercurii
755 3715 890 3786 Erythris
906 3720 944 3770 ct
968 3716 1126 3770 Troezenes
1145 3714 1303 3769 dedicatas:
1331 3714 1366 3768 cf.

196 3804 325 3859 Hirschf.

302 3895 319 3948 3
349 3895 434 3948 Paus.
454 3895 508 3962 III,
530 3895 571 3965 15,
591 3896 616 3949 6.
