3134 4958
804 196 1020 262 „gp-

434 416 465 480 2.
523 413 679 479 Secundo
718 435 959 500 persequamur
996 413 1069 477 looo
1104 412 1305 477 hominum
1340 417 1494 477 statuas

327 531 487 620 publice
511 519 613 594 loeis
638 529 762 594 saeris
785 529 952 616 positas.
993 528 1084 605 Quin
1099 528 1162 593 hae
1180 529 1319 594 Graecis
1335 528 1497 592 honorem

328 656 363 713 et
398 647 587 730 hominum,
624 646 745 731 quibus
780 646 1006 731 ponebantur,
1044 651 1078 710 et
1112 644 1265 729 deorum,
1293 645 1330 708 in
1355 666 1498 729 quorum

328 764 417 829 fanis
441 763 586 846 stabant,
618 784 686 827 una
720 762 900 848 complecti
933 761 1141 845 viderentur,
1166 783 1235 825 non
1259 759 1496 824 dubitaverim.

328 880 377 947 Ut
409 884 522 944 autem
555 876 669 942 verbis
704 884 781 942 utar
815 877 905 961 aliis,
942 877 1011 942 illis
1040 877 1162 942 statuis
1185 877 1439 941 honorariarum
1463 883 1498 940 et

329 994 582 1060 anathematum
614 993 860 1058 attribuebatur
890 993 1093 1058 coniunctio
1150 993 1257 1058 Nobis
1286 991 1423 1077 quidem
1446 1015 1498 1056 re-

330 1110 536 1176 centioribus
570 1109 653 1174 haee
688 1109 855 1195 displicet.
901 1110 1021 1194 Neque
1044 1109 1137 1173 enim
1160 1108 1328 1174 contraria
1350 1107 1415 1172 duo
1430 1102 1499 1172 ‘illa

330 1250 403 1292 esse
419 1226 599 1292 coniuncta
609 1247 787 1312 possumus
805 1225 1007 1290 existimare.
1041 1226 1088 1289 Et
1103 1224 1166 1290 hoo
1181 1226 1254 1290 loeo
1271 1223 1498 1309 conferantur,

330 1365 415 1428 quae
438 1341 653 1407 Kuhnertius
681 1341 764 1407 loeis
791 1341 901 1407 libelli
928 1335 1061 1424 m0d01)
1084 1340 1214 1406 laudati
1242 1335 1498 1424 (1101111118-

329 1459 445 1523 seruit.
502 1457 551 1522 Hi
585 1458 652 1522 loci
686 1458 777 1523 inter
816 1450 858 1521 'se
893 1457 1110 1522 dissentiunt.
1166 1458 1243 1522 Mea
1280 1457 1388 1543 igitur
1422 1480 1497 1521 sen-

329 1574 448 1659 tentia,
480 1580 519 1638 ut
550 1580 715 1660 repetam,
752 1580 804 1639 est
828 1573 966 1640 Graecis
1003 1572 1180 1638 hominum
1208 1579 1336 1638 statuas
1364 1573 1497 1659 publice

328 1691 412 1755 loeis
437 1689 539 1754 saeris
555 1689 682 1776 positas
707 1690 896 1775 complexas
921 1711 994 1754 esse
1017 1712 1085 1753 una
1100 1689 1261 1754 honorem
1285 1696 1319 1755 et
1342 1688 1496 1753 divinum

330 1813 364 1870 et
387 1805 581 1871 humanum.
607 1806 793 1891 ‘Exempla
823 1805 865 1870 ad
893 1805 1065 1870 afferenda
1087 1829 1178 1870 nuno
1202 1805 1333 1870 aooedo.
1380 1805 1498 1889 Neque

330 1930 443 1987 autem
468 1921 551 2006 quin
578 1922 762 2007 compluria
790 1921 831 1986 ab
860 1916 967 2001 aliis3)
992 1930 1187 1986 enumerata
1213 1929 1365 2008 repetam
1388 1920 1500 1985 faeere

328 2060 477 2124 possum.
516 2037 596 2102 Alia
611 2038 685 2124 ipse
701 2061 811 2124 supra,
836 2037 896 2102 ubi
912 2037 954 2101 de
978 2038 1203 2102 anathematis
1227 2037 1270 2101 ad
1293 2038 1381 2102 bella
1405 2060 1499 2122 speo-

329 2153 483 2219 tantibus
518 2155 644 2240 agitur,
673 2154 820 2219 laudavi.
867 2153 1109 2220 Vetustissima
1142 2154 1295 2239 exempla
1324 2189 1364 2197 -—
1393 2159 1431 2216 ut
1461 2152 1502 2216 de

330 2270 452 2334 statuis
477 2265 655 2356 Cylonis4)
679 2277 713 2334 et
737 2270 872 2335 Cleobis
893 2263 1129 2354 Bitonisque⁵)
1153 2276 1283 2334 taceam
1300 2305 1340 2314 ω
1359 2268 1502 2354 quinto

330 2408 358 2451 a.
385 2386 463 2451 Ohr.
489 2387 620 2451 saeculo
644 2385 861 2451 attribuenda
885 2392 973 2450 sunt.
1022 2385 1110 2450 Sunt
1134 2392 1265 2450 statuae
1289 2384 1366 2450 hae:

544 2502 718 2567 Athenis
742 2495 964 2587 Xanthippi⁶)
988 2509 1023 2566 et
1045 2495 1296 2584 Phormionis⁷)
1321 2499 1454 2564 dueum.

542 2617 714 2704 Delphis
741 2617 957 2704 Daiphantae
985 2617 1096 2682 Rhoei
1131 2616 1298 2682 Miltiadis
1330 2615 1503 2700 Lysandri

413 2729 589 2818 aliorum⁸l
621 2733 754 2820 dueum,
785 2734 915 2799 Telliae
946 2733 1048 2818 vatia,
1082 2733 1246 2823 Scyllidis
1276 2732 1500 2818 Hydnaeque.

332 2949 544 2958 ——--——..

439 3088 466 3161 1)
484 3109 511 3159 p.
530 3091 564 3144 31
584 3089 648 3144 adn.
670 3090 693 3144 1.

437 3194 465 3267 2)
484 3216 511 3268 p.
533 3197 598 3250 264:
628 3196 699 3266 „Die
721 3195 900 3266 Erriohtung
928 3212 986 3251 von
1010 3193 1131 3249 Statuen
1149 3195 1201 3249 hat
1221 3195 1276 3250 den
1294 3195 1502 3267 Hauptzweok‚

330 3285 574 3340 immerwahrend
593 3304 630 3340 an
649 3284 694 3340 die
713 3285 883 3340 Verdienste
902 3286 952 3340 des
965 3284 1110 3339 Geehrten
1129 3303 1165 3338 zu
1184 3283 1336 3339 erinnern“
1356 3291 1385 3338 et
1398 3304 1425 3356 p.
1436 3285 1502 3338 279:

332 3375 404 3445 „Die
416 3374 526 3445 Statue,
544 3374 654 3429 welche
673 3374 752 3429 einer
771 3374 905 3430 Gottheit
924 3375 966 3428 als
979 3374 1126 3428 Anathem
1145 3374 1336 3446 dargebraoht
1348 3373 1429 3442 wird‚
1449 3373 1502 3426 soll

331 3465 405 3519 doch
423 3464 454 3518 in
472 3464 628 3518 Wahrheit
646 3463 728 3518 nicht
746 3464 801 3519 den
820 3464 1026 3536 dargestellten
1053 3463 1224 3533 Menschen,
1255 3464 1379 3518 sondern
1407 3463 1503 3517 klarer

331 3553 429 3609 Weise
447 3553 532 3608 allein
552 3553 597 3607 die
616 3553 750 3608 Gottheit
769 3553 883 3611 ehren.“

438 3660 466 3732 3)
485 3662 523 3716 Η.
542 3661 661 3731 Kohler‚
689 3661 755 3716 Ges.
779 3661 858 3716 Sohr.
882 3663 924 3717 VI
942 3681 970 3733 p.
989 3661 1143 3731 aus-3133
1174 3661 1310 3714 Kuhnert
1328 3660 1346 3714 l.
1365 3660 1384 3714 1.
1403 3678 1430 3731 p.
1450 3660 1503 3713 268

332 3756 361 3806 et
379 3752 468 3912 26914)
488 3841 531 3896 Of.
551 3840 687 3895 Kuhnert
705 3859 732 3912 p.
753 3841 814 3896 278.

438 3946 466 4017 5)
485 3948 636 4001 Dtitsohke
654 3947 685 4002 in
704 3947 775 4002 diar.
796 3947 898 4012 ..Arch
919 3946 1009 4019 epigr.
1022 3947 1120 4002 Mitth.
1140 3965 1191 4002 aus
1206 3946 1300 4002 Oest.“
1322 3947 1391 4001 1883
1409 3965 1436 4017 p.
1452 3946 1502 4000 153

332 4036 377 4091 bis
396 4038 460 4107 159;
479 4037 616 4091 Kuhnert
634 4056 662 4108 p.
681 4037 734 4092 279
753 4036 817 4092 adn.
837 4039 861 4094 2.
1495 4076 1498 4080 .

439 4144 467 4216 6)
486 4144 571 4199 Paus.
591 4145 614 4213 Ι,
633 4145 676 4214 25,
696 4145 720 4198 1.

322 4326 324 4330 Ι
439 4253 467 4325 7)
486 4271 574 4324 supra
592 4271 618 4323 p.
640 4253 673 4306 19
691 4251 757 4307 adn.
778 4252 819 4307 10.

439 4360 467 4432 8)
486 4380 513 4432 p.
532 4362 567 4414 21
593 4361 657 4441 adn.
677 4361 702 4413 ⁴2.
