3134 4958
671 293 889 357 „42-

195 504 378 591 piscatores
412 511 550 593 propter
583 506 711 592 gratias
746 506 819 571 deis
854 505 1048 571 referendas
1078 506 1166 571 dona
1195 505 1369 591 quaelibet

196 620 408 686 dedicabant.
447 624 546 688 Dona
570 629 682 687 autem
706 630 802 688 erant
824 623 1022 708 plerumque
1046 622 1273 687 instrumenta
1296 623 1367 709 pis-

196 738 335 822 catoria,
370 739 399 802 si
423 739 666 825 epigrammata
689 738 918 824 Anthologiae
926 733 963 822 1),
993 739 1029 802 id
1058 739 1147 824 quod
1174 739 1243 803 iam
1266 762 1368 825 saepe

195 852 352 938 fecimus,
389 856 569 942 sequimur.
620 857 670 923 Ut
705 862 818 920 autem
851 855 1036 940 piscatores
1072 861 1214 940 quaestu
1247 854 1367 920 habito

196 968 412 1055 dedicabant,
447 972 512 1037 ita⁴
531 995 607 1037 cum
638 971 681 1038 ad
709 977 918 1036 senectutem
945 967 1213 1058 pervenissent2)
1238 971 1365 1036 instru-

196 1092 325 1170 menta,
358 1087 480 1172 quibus
515 1108 585 1154 non
620 1075 687 1152 iam
721 1093 912 1171 uterentur,
949 1086 1020 1152 deo.
1046 1087 1148 1152 alicui
1183 1086 1365 1152 donabant.

195 1200 275 1267 Alia
298 1202 437 1269 donaria
465 1211 621 1290 spectant
653 1204 695 1269 ad
731 1211 838 1269 artes
872 1203 1124 1288 litterasque.
1171 1203 1367 1289 Discipulos

194 1325 332 1406 propter
355 1321 501 1406 gratiam
524 1343 592 1385 una
616 1327 650 1385 et
673 1321 846 1406 magistris
870 1325 905 1384 et
927 1318 1000 1384 deis
1020 1319 1232 1384 referendam
1248 1319 1367 1384 studu-

195 1435 263 1499 isse
285 1442 324 1500 ut
348 1436 477 1521 aliquid
500 1437 537 1501 in
560 1444 762 1524 perpetuum
785 1437 996 1520 dedicarent,
1026 1458 1087 1522 per
1115 1459 1150 1500 se
1178 1441 1291 1522 potest
1313 1436 1367 1501 in-

194 1552 323 1637 tellegi.
373 1553 463 1630 Quid
490 1559 604 1617 autem
631 1553 723 1617 aliud
751 1560 821 1618 tam
851 1551 1012 1617 idoneum
1043 1559 1115 1617 erat
1141 1552 1210 1616 nisi
1234 1558 1368 1617 statuae

195 1668 436 1753 magistrorum
468 1669 531 1734 deo
560 1668 694 1732 cuidam
722 1668 987 1734 consecrandae?
1033 1670 1080 1732 Et
1108 1667 1145 1732 id
1171 1689 1280 1752 genua
1309 1691 1367 1732 ex-

196 1784 306 1869 empla
329 1784 426 1849 nobis
449 1784 576 1850 tradita
600 1791 688 1850 sunt.
721 1784 775 1850 Ab
800 1784 1073 1850 adulescentibus
1096 1783 1368 1849 Atheniensibus

194 1899 232 1963 in
247 1900 368 1965 Piraeo
384 1906 516 1965 statuae
528 1900 724 1966 Artemonis
732 1897 768 1986 3),
785 1901 945 1986 Dionysii
952 1896 987 1985 3),
1000 1900 1210 1988 Philhetaeri
1217 1895 1241 1978 3)
1258 1901 1368 1965 Musis

196 2023 408 2082 consecratae
432 2012 554 2098 sunt.‘¹)
585 2016 732 2082 Athenis
748 2017 832 2103 ipsis
850 2016 891 2082 ab
908 2017 1024 2082 Attalo
1040 2017 1076 2080 H
1093 2022 1127 2081 et
1142 2015 1323 2081 Ariarathe
1335 2017 1370 2082 V

195 2137 306 2196 statua
330 2133 515 2198 Carneadis
538 2128 776 2220 philosophi⁵)‚
801 2133 860 2217 qui
883 2133 998 2197 docuit
1022 2155 1057 2196 se
1080 2139 1259 2218 praecepta
1279 2131 1367 2198 Aca-

195 2247 416 2334 demicorum,
446 2248 602 2314 dedicata
630 2256 690 2315 est.
737 2249 829 2314 Huic
856 2250 929 2314 loco
958 2248 1024 2313 duo
1052 2248 1281 2333 Anthologiae
1309 2271 1367 2312 ex-

195 2365 306 2450 empla
340 2364 544 2430 inserantur.
591 2366 681 2430 Puer
717 2366 868 2452 quidam,
906 2387 983 2429 cum
1018 2363 1264 2450 condiscipulos
1293 2370 1385 2445 arte¹

195 2479 366 2544 scribendi
390 2489 589 2567 superasset,
636 2481 744 2546 Musis
769 2481 980 2547 consecravit
1005 2486 1152 2545 statuam
1176 2481 1282 2563 senis,
1308 2481 1368 2564 qui

194 2594 300 2661 fuisse
333 2597 496 2682 magister
529 2592 709 2676 videtur.⁶)
755 2597 911 2684 Alterum
940 2597 983 2661 ad
1010 2619 1165 2682 puerum,
1193 2601 1369 2682 petentem

194 2718 234 2776 ut
258 2713 325 2778 sibi
347 2712 494 2779 facilitas
519 2713 673 2778 discendi
697 2713 910 2797 concedatur,
935 2711 1063 2777 Bacchi
1087 2719 1199 2777 statua
1222 2712 1264 2778 ob
1288 2713 1365 2777 Mu-

196 2851 309 2893 sarum
331 2829 494 2895 honorem
517 2831 629 2916 posita
651 2825 842 2914 refertur.⁷)
880 2828 1053 2913 Eurydice
1077 2829 1250 2914 quaedam,
1275 2836 1368 2914 post-

196 2967 297 3029 quam
320 2945 362 3010 ad
387 2969 553 3011 summam
576 2947 644 3011 iam
668 2953 878 3012 senectutem
902 2951 1062 3032 provecta
1083 2944 1204 3009 didicit
1224 2946 1366 3030 litterae,

196 3062 304 3125 Musis
339 3062 481 3127 donavit
516 3058 714 3141 eoronam.⁸)
776 3062 941 3128 Omnibus
980 3061 1086 3144 igitur
1125 3061 1286 3147 exemplis
1325 3061 1369 3126 ad
1433 3110 1435 3115 -

195 3166 328 3242 litteras
344 3178 596 3264 pertinentibus
620 3178 657 3242 id
681 3186 732 3243 est
756 3200 942 3262 commune,
968 3177 1009 3241 de
1033 3175 1259 3242 anathematis
1283 3200 1368 3263 quae
1488 3254 1494 3265 1

198 3294 306 3359 Musis
331 3293 544 3360 donabantur
568 3294 647 3358 solis
671 3295 736 3380 agi.
768 3293 810 3358 ld
833 3293 922 3378 quod
945 3293 1045 3359 facile
1065 3300 1178 3380 potest
1199 3294 1366 3378 intellegi.

306 3663 332 3727 1)
351 3662 401 3731 Vl,
421 3662 463 3716 23.
483 3661 526 3714 24.
545 3661 588 3714 33.

304 3750 332 3820 2)
351 3751 402 3820 VI,
421 3752 446 3805 4.
467 3751 491 3806 5.
511 3751 625 3804 25-30.
644 3751 688 3804 38.

304 3839 333 3910 3)
352 3841 427 3895 Bull.
447 3840 505 3895 VII
523 3859 549 3911 p.
570 3841 611 3896 76.
632 3840 674 3894 77.

304 3931 333 3998 4)
352 3931 396 3985 De
415 3930 517 3984 ceteris
536 3930 742 4001 magistrorum
760 3928 874 3997 statuiS,
903 3946 974 3998 quas
1002 3946 1019 3981 a
1047 3926 1193 3997 discipulis
1222 3930 1368 3980 extructas

199 4037 260 4074 esse
277 4020 357 4074 tituli
376 4020 487 4090 docent,
506 4026 600 4075 tacere
619 4020 693 4088 licet,
722 4019 865 4090 quianon
885 4018 937 4072 deo
960 4021 1150 4083 consecratae,
1179 4016 1229 4070 sed
1247 4016 1369 4069 honora·

197 4107 257 4165 riae
275 4115 351 4164 sunt.

304 4200 333 4266 5)
353 4199 388 4253 U.
408 4199 544 4269 Koehler,
563 4199 660 4253 Mitth.
680 4197 714 4252 A.
734 4199 762 4254 J.
781 4199 815 4253 V.
835 4217 862 4269 p.
881 4197 1031 4252 284-286.

304 4291 333 4356 e)
353 4289 402 4358 vi,
421 4290 482 4344 eoa

354 4379 404 4447 ur,
423 4380 483 4434 310.

306 4380 335 4537 dl
354 4469 431 4523 Plut.
452 4468 487 4522 de
506 4486 583 4539 puer.
604 4466 682 4522 educ.
701 4468 748 4536 20;
768 4466 903 4534 Koehler,
924 4464 989 4519 Ges,
1009 4464 1089 4518 Schr.
1109 4463 1155 4517 III
1173 4481 1199 4534 p.
1218 4465 1262 4517 88.
