3134 4958
687 318 906 384 ..37-.

207 532 367 622 publicae
388 555 538 618 unquam
564 532 652 599 bene
675 531 826 598 fecerant
854 538 912 597 aut
934 531 1057 598 fecisse
1080 529 1292 598 videbantur.
1340 532 1382 598 Id

208 655 272 733 est,
295 672 316 714 a
339 649 472 714 saeculo
495 648 597 714 tertio
621 649 658 713 in
681 649 802 713 statuis
826 647 1003 714 hominum
1025 649 1108 714 locis
1132 649 1235 714 sacris
1258 649 1381 736 positis

206 772 365 832 sanctum
392 765 477 829 illud
504 764 614 850 magis
642 765 818 850 magisque
842 787 1043 830 evanescere
1068 764 1188 852 coepit.
1234 766 1380 832 Praeva-

205 881 299 947 lebat
322 886 435 946 autem
459 880 567 946 honor
589 880 770 945 humanus:
796 886 938 966 statuae,
962 887 1001 946 ut
1016 903 1132 946 rursus
1155 882 1344 948 Pausaniae
1354 877 1380 967 ¹)

203 1004 283 1062 utar
317 995 441 1082 verbis,
477 996 691 1083 ponebantur
724 997 838 1083 potius
872 996 952 1082 τιμῇ
986 995 1027 1081 τῇ
1062 991 1095 1070 ἐς
1123 987 1241 1072 αὐτοὺς
1269 989 1380 1082 χάριτι

204 1135 306 1199 quam
329 1111 371 1197 τῇ
394 1106 427 1186 ἐς
454 1104 492 1173 τὸ
515 1111 619 1177 θεῖον.
658 1113 777 1198 Neque
801 1119 914 1178 autem
930 1134 1080 1198 unquam
1103 1113 1162 1178 illa
1185 1115 1380 1180 coniunctio

204 1229 309 1295 desiit
342 1250 488 1314 prorsus.
535 1229 582 1293 Et
616 1229 812 1293 novissimis
847 1229 931 1316 ipsis
966 1228 1175 1315 temporibus
1202 1229 1380 1296 hominum

205 1350 336 1412 statuae
359 1344 442 1411 locis
466 1344 569 1409 sacris
593 1344 728 1430 publice
750 1344 882 1431 positae
912 1344 1043 1430 aliquid
1067 1346 1177 1411 sancti
1200 1352 1235 1411 et
1258 1346 1380 1412 inlaesi

206 1483 287 1548 prae
312 1483 348 1526 se
376 1459 540 1533 ferebant.
589 1461 728 1526 Statuae
753 1461 844 1526 enim
867 1484 967 1546 mere,
992 1440 1103 1528 ut‘ita
1126 1461 1246 1547 dicam,
1272 1462 1378 1528 hono-

209 1575 310 1643 rariae
334 1599 467 1663 semper
490 1577 620 1664 positae
644 1585 724 1644 sunt
746 1577 829 1643 locis
852 1577 1003 1666 profanis
1011 1573 1049 1661 2).

686 1828 899 1836 ——..

309 2005 367 2072 Sic
401 2007 604 2092 gravissima
639 2030 656 2071 e
691 2007 838 2096 publicis
861 2007 971 2094 iisque
996 2009 1272 2074 extraordinariis
1298 2032 1377 2074 ana-

200 2121 352 2187 themata
375 2145 394 2187 a
416 2145 471 2186 me
495 2123 595 2188 allata
619 2146 691 2188 esse
715 2130 807 2211 puto.
851 2125 969 2189 Priore
991 2125 1198 2212 perlustravi
1220 2116 1294 2191 loco
1318 2125 1376 2192 do-

199 2238 296 2304 naria
320 2238 434 2304 omnia
454 2261 538 2323 quae
563 2239 610 2304 ad
625 2239 873 2306 incommoda
896 2239 1056 2306 sublata
1078 2241 1315 2308 tollendave
1339 2248 1378 2308 et

200 2354 402 2420 commoda
436 2355 675 2442 accipienda
697 2356 991 2442 accipiendave
1023 2364 1189 2445 spectant.
1246 2358 1376 2436 Quibus

199 2469 427 2536 anathematis
444 2471 601 2537 omuibus
619 2477 670 2536 est
687 2494 873 2558 commune,
892 2495 931 2538 ea
947 2473 1086 2540 deorum
1098 2474 1197 2540 modo
1213 2474 1377 2540 honorem

198 2586 399 2672 respexisse.
446 2587 580 2652 Deinde
604 2588 751 2655 secundo
775 2590 848 2655 looo
872 2590 953 2656 veni
989 2590 1032 2655 ad
1067 2597 1224 2656 statuas
1248 2591 1376 2657 horni-

198 2725 292 2768 num
315 2702 440 2767 sacris
463 2704 568 2768 locis
599 2706 763 2790 positas
810 2707 878 2771 Eas
913 2706 955 2771 ob
983 2706 1145 2772 honorem
1173 2713 1207 2772 et
1236 2707 1374 2773 deorum

199 2825 235 2884 et
256 2818 442 2902 hominum,
468 2819 567 2884 modo
590 2820 738 2885 humano
758 2821 857 2886 modo
883 2821 1000 2887 divino
1023 2823 1250 2908 praevalente,
1278 2823 1372 2888 dedi·

198 2940 290 3000 catas
316 2955 388 3001 esse
413 2935 495 2998 satis
523 2935 609 3000 mihi
637 2935 833 3022 exposuisse
856 2937 983 3002 videor.
1030 2939 1072 3003 In
1096 2939 1179 3004 alias
1204 2939 1372 3024 quaestio-

197 3045 291 3130 nesl)
325 3049 497 3135 inquirere
520 3052 613 3135 nolo,
653 3074 729 3116 cum
752 3051 789 3116 in
812 3052 874 3118 hac
907 3053 1145 3120 dissertatione
1169 3055 1275 3120 solam
1298 3079 1372 3121 eam

199 3167 281 3253 „qui
303 3166 557 3232 anathematum
587 3167 793 3233 Graecorum
822 3176 911 3235 esset
937 3166 1037 3235 usus“
1074 3171 1160 3236 mihi
1189 3193 1371 3258 proposue-

196 3284 273 3349 rim.
323 3282 548 3360 Quamobrem
572 3283 802 3371 occasionum,
830 3286 921 3351 unde
949 3286 1164 3353 anathemata
1195 3286 1372 3354 duxissent

197 3399 377 3486 originem,
401 3398 505 3465 habui
528 3400 703 3467 rationem.

640 3633 672 3700 2.
697 3634 739 3701 de
762 3636 929 3718 privatis.

304 3819 436 3904 Restat,
459 3826 498 3885 ut
521 3843 563 3884 ex
585 3820 810 3888 anathematis
835 3823 1111 3890 extraordinariis
1135 3849 1279 3913 eaquae
1301 3829 1369 3914 pri·

198 3933 307 4000 vatim
331 3935 486 4002 dedicata
509 3943 589 4002 sunt
611 3939 823 4024 perlustrem.

198 4158 410 4168 m

305 4319 492 4389 DWQL

305 4405 333 4477 2)
353 4407 396 4463 Of.
415 4408 552 4464 Kuhnert
569 4409 588 4465 l.
607 4410 625 4464 l.

305 4496 333 4567 3)
352 4497 497 4553 Nonnulla
515 4499 671 4570 perstrinxi
690 4520 785 4574 supra.
