3134 4958
760 338 977 400 -38-

392 551 420 617 1.
456 550 629 636 incipioa
664 550 812 616 donariis
847 550 891 616 ad
918 573 1066 616 amorem
1094 550 1357 637 coniugiumque
1379 573 1455 637 per-

283 667 475 732 tinentibus
509 666 592 751 sive,
627 667 666 732 ut
695 666 845 732 breviter
880 667 1001 752 dicam,
1036 691 1056 732 a
1088 667 1175 732 vita
1210 667 1454 734 connubiali.

284 783 399 868 Moris,
437 781 496 868 qui
530 784 624 848 nullo
658 789 810 869 tempore
845 783 1039 849 intermisso
1062 788 1252 870 pertatem
1276 785 1456 850 Graeciam

283 898 562 987 pervulgabatur,
603 899 829 965 vetustissimi
866 899 1003 965 videtur
1041 899 1168 984 fuisse,
1209 923 1228 964 a
1262 901 1455 986 virginibus

283 1017 396 1103 paullo
425 1023 607 1101 antequam
631 1016 668 1081 in
695 1015 950 1081 matrimonium
973 1015 1176 1081 ducerentur
1199 1015 1455 1101 oblectamenta,

283 1132 484 1219 praesertim
517 1154 625 1219 pupas
633 1126 666 1216 ¹),
703 1132 834 1197 Dianae
869 1137 928 1196 aut
962 1132 1148 1217 Minervae,
1183 1131 1220 1196 id
1255 1140 1306 1198 est
1329 1132 1456 1198 deabus

283 1247 461 1334 virgineis,
487 1247 615 1313 donari.
656 1246 707 1314 Of.
731 1246 839 1314 Anth.
855 1248 964 1313 Palat.
984 1249 1044 1332 VI,
1068 1249 1143 1313 202.
1168 1249 1235 1313 280
1258 1255 1293 1313 et
1315 1271 1456 1333 eaquae

284 1364 323 1430 Ο.
346 1363 487 1429 lahnius
511 1363 554 1428 ad
576 1363 669 1448 Pers.
695 1369 756 1429 sat.
784 1364 829 1447 H,
859 1365 902 1428 70
925 1363 1096 1429 disseruit.
1144 1364 1211 1430 Sed
1234 1364 1301 1429 alia
1324 1386 1456 1449 quoque

284 1479 374 1545 dona
397 1503 417 1544 a
443 1479 636 1565 virginibus
672 1479 828 1545 dedicata
863 1502 935 1544 esse
969 1480 1150 1545 memoriae
1184 1479 1358 1566 proditum
1394 1487 1455 1545 est.

284 1594 387 1682 Argis
412 1595 522 1661 crines
551 1619 628 1662 suos
657 1597 695 1662 in
718 1596 895 1669 Minervae
922 1591 1098 1681 temp102),
1122 1597 1280 1680 Megarae
1303 1595 1340 1659 in
1363 1595 1456 1682 lphi-

283 1734 366 1778 uoes
390 1708 575 1799 sepulcross)
599 1712 767 1799 deponere
784 1712 950 1798 simulque
966 1735 1086 1777 zonam
1110 1710 1265 1777 dedicare
1282 1711 1457 1777 Minervae
1533 1719 1536 1725 '

281 1817 523 1912 Ἀπατουρίᾳ4)
547 1829 700 1894 solebant
734 1829 887 1915 virgines
923 1830 960 1893 in
989 1828 1244 1893 matrimonium
1273 1827 1456 1893 ducendae.

283 1946 402 2030 Neque
437 1952 552 2010 autem
587 1944 680 2011 aliud
713 1966 863 2030 uuquam
891 1945 977 2010 mihi
1000 1945 1111 2030 egisse
1134 1944 1296 2020 videntur
1318 1943 1387 2008 nisi
1409 1944 1455 2028 id,

283 2067 322 2126 ut
345 2083 364 2125 e
386 2059 542 2146 pristinis
565 2061 655 2126 ludis
684 2082 879 2127 excessurae
911 2067 945 2125 et
967 2061 1123 2146 graviora
1146 2059 1260 2126 officia
1283 2060 1457 2126 subiturae

283 2176 414 2242 animos
450 2199 566 2242 earum
605 2176 758 2263 dearum,
800 2198 881 2263 quas
921 2183 1099 2262 sequentes
1137 2198 1244 2261 usque
1278 2177 1456 2260 vixissent,

282 2293 465 2379 placarent.

391 2409 587 2495 Sequuntur
603 2408 819 2474 anathemata
835 2431 911 2474 cum
926 2408 1057 2496 nuptiis
1080 2407 1165 2494 ipsis
1189 2407 1314 2472 arctius
1339 2407 1456 2473 cohae-

283 2525 404 2590 rentia.
442 2527 489 2590 Et
504 2525 652 2612 primum
668 2524 805 2610 quidem
821 2525 974 2611 exempla
986 2523 1158 2608 mythicae
1170 2523 1291 2588 aetatis
1308 2524 1456 2591 afferam.

283 2641 421 2728 Pelope,
457 2642 495 2706 in
528 2641 784 2706 matrimonium
823 2641 984 2706 ducturus
1018 2639 1299 2726 Hippodamiam,
1335 2640 1458 2704 Temni

285 2763 432 2823 statuam
455 2753 634 2842 Veneris⁵)
669 2763 712 2840 et,
747 2763 927 2842 postquam
960 2779 1014 2822 res
1042 2756 1129 2823 bene
1158 2756 1283 2840 evenit,
1307 2763 1458 2841 myrtum

283 2869 484 2954 virentemfl)
520 2896 734 2939 consecrasse
769 2873 904 2938 dicitur.
950 2873 1060 2959 Ulixi,
1085 2873 1187 2938 simul
1211 2895 1327 2936 cursus
1351 2878 1457 2936 certa-

284 2989 377 3055 mine
400 2990 596 3076 Penelopen
631 2990 698 3055 sibi
721 2989 942 3077 comparavit,
966 2989 1033 3054 tria
1056 2990 1231 3054 Minervae
1254 2980 1458 3062 Κελευθείας

284 3103 365 3170 fana
391 3105 582 3171 intervallis
610 3106 781 3172 disiuncta
809 3112 985 3190 statuaque
1014 3105 1095 3170 deae
1122 3128 1190 3170 una
1214 3105 1456 3170 attribuuntur.

284 3221 474 3306 Menelaus,
509 3221 634 3287 iterum
669 3245 759 3301 cum,
773 3222 906 3287 Helena
939 3243 1044 3286 uxore
1079 3221 1293 3306 coniunctus,
1330 3227 1458 3286 statuas

285 3331 496 3420 Themidis7)
525 3343 559 3402 et
581 3337 778 3403 Praxidices
802 3337 974 3404 dedicavit
1001 3337 1039 3402 in
1061 3337 1205 3403 Veneris
1229 3329 1458 3418 Μιγωνίτιδος

284 3453 421 3541 templo,
459 3452 557 3540 quod,
594 3453 698 3519 situm
731 3453 775 3519 ad
798 3453 979 3540 Gythium,
1017 3454 1181 3520 aParide
1205 3453 1356 3518 adultero
1381 3475 1459 3518 oum

285 3570 433 3636 Menelai
454 3571 580 3636 lectum
604 3571 844 3658 conquinasset
866 3569 1041 3636 conditum
1058 3593 1130 3636 esse
1147 3563 1361 3648 dicebatur7).
1401 3568 1459 3635 Ad

285 3760 498 3768 -u—-n

394 3885 407 3937 1
440 3875 528 3952 κόραι.

392 3972 410 4025 2
439 3971 512 4027 Stat.
532 3971 620 4027 Theb.
640 3973 679 4042 H,
698 3973 759 4027 253.

392 4060 409 4114 3
439 4060 525 4115 Paus.
545 4062 568 4131 I,
587 4062 675 4132 43,AE

392 4150 411 4203 4
439 4149 479 4218 ΙΙ,
498 4151 542 4218 33,
563 4153 586 4205 1.

393 4239 409 4292 5
438 4239 473 4308 V,
494 4241 535 4308 13,
554 4241 579 4297 4.

392 4330 409 4382 6
440 4328 495 4397 ΙΙΙ,
515 4331 557 4400 12,
575 4331 600 4387 4.

392 4419 408 4472 7
441 4417 487 4471 Sic
505 4418 579 4490 lego,
598 4418 794 4473 Kuhncrtium
815 4418 928 4489 (Jahrb.
948 4418 968 4471 f.
983 4418 1065 4471 class.
1078 4415 1154 4470 Phil.
1169 4416 1238 4469 1884
1249 4434 1276 4486 p.
1287 4416 1340 4470 252
1353 4415 1417 4469 adn.
1429 4414 1457 4484 3)

286 4513 402 4562 secutus
421 4506 545 4563 lectione
567 4507 680 4566 Θέτιδος
699 4509 816 4562 abnuta.
837 4538 869 4546 -
889 4509 974 4562 Paus.
994 4507 1049 4575 HI,
1069 4507 1111 4574 22,
1131 4506 1155 4558 2.
