3134 4958
694 218 890 285 ...2-

314 434 376 500 Th.
416 434 588 520 Panoflra,
624 436 702 501 Von
742 435 835 499 einer
869 434 1004 500 Anzahl
1043 437 1179 502 antiker
1212 438 1376 524 Weihge-

208 551 356 616 schenke
390 551 469 618 und.
498 551 564 615 den
586 551 832 637 Beziehungen
864 551 955 615 ihrer
979 551 1091 617 Geber
1114 577 1156 617 zu
1180 553 1246 618 den
1270 556 1377 620 Orten

207 667 300 732 ihrer
322 667 562 751 Bestimmung
591 667 664 747 (Ac.
690 689 755 731 666.
779 668 890 731 Β6161.
918 668 1002 731 18119
1026 689 1058 752 p.
1086 670 1282 750 rso-192).

314 783 376 848 Oh.
401 782 463 848 Th.
487 783 644 867 Newton,
673 805 717 848 on
746 783 852 868 greeh
876 783 1095 868 inscriptions
1124 785 1178 865 (=
1204 779 1318 872 essays
1343 786 1381 851 of

206 897 272 964 Art
307 898 376 964 and
398 890 636 984 Archaeology
662 899 748 963 1880
781 922 813 985 p.
839 895 1028 983 94-209),
1057 900 1117 984 qui
1139 900 1226 965 liber
1249 902 1286 965 in
1309 903 1376 966 lin-

207 1037 309 1100 guam
333 1014 538 1079 Germanam
573 1015 813 1101 transscriptus
849 1020 902 1079 est
929 1013 971 1078 ab
995 1014 1219 1081 Imelmannio
1247 1018 1376 1083 Beroli-

206 1131 315 1195 nensi.
351 1131 416 1195 Die
439 1129 675 1215 griechischen
698 1130 906 1195 Inschriften
930 1128 1043 1212 (1881)
1058 1167 1099 1175 -
1113 1131 1154 1196 cf.
1178 1154 1211 1218 p.
1226 1133 1375 1198 79—85.

314 1247 350 1312 O.
375 1246 561 1329 Βό11161161,
598 1245 664 1310 Die
689 1246 861 1311 Tektonih
895 1245 955 1309 der
989 1246 1158 1311 Hellenen
1181 1243 1235 1311 Π2
1264 1249 1375 1328 (1881)

205 1385 262 1450 pp.
288 1363 474 1445 372-374,
497 1362 684 1445 438-454,
708 1363 896 1426 459-462.

312 1478 392 1543 Alia
427 1499 527 1564 opera
562 1500 622 1542 suo
656 1478 729 1543 loco
753 1477 1114 1542 commemorabuntur.
1161 1479 1288 1544 Mirum
1312 1486 1373 1566 est,

207 1593 297 1678 quod
320 1593 358 1657 in
392 1593 683 1680 encyclopaedicis
719 1593 778 1679 qui
806 1599 972 1658 vocantur
997 1593 1095 1658 libris
1118 1600 1189 1659 tam
1211 1619 1319 1682 pauca
1343 1604 1377 1661 et

207 1709 330 1794 exigua
359 1708 401 1772 de
425 1709 624 1794 quaestione
651 1716 767 1774 1166116
789 1710 960 1794 leguntur.
1009 1709 1108 1787 Quod
1131 1734 1212 1776 vero
1235 1713 1375 1777 Darem·

206 1823 290 1910 berg
314 1819 519 1909 6181181161)
553 1824 752 1889 fasciculum
787 1847 881 1906 eum,
911 1825 949 1889 in
977 1847 1043 1910 quo
1071 1828 1272 1893 uocabulum
1296 1828 1373 1912 „dc-

206 1936 360 2005 narium“
385 1940 600 2024 tractabitur,
631 1941 783 2005 nondum
806 1938 936 2025 publici
964 1939 1120 2006 fecerunt
1142 1942 1236 2027 iuris,
1262 1943 1374 2009 dolore

207 2079 456 2121 commovemur
477 2055 585 2140 gravi.

312 2173 382 2238 Nos
406 2195 425 2236 a
448 2171 692 2237 recentioribus
721 2170 763 2234 ad
791 2176 924 2235 veteres
953 2170 1065 2236 fontes
1089 2173 1181 2259 ipsos
1204 2176 1377 2237 vertamus

204 2310 342 2353 necesse
367 2294 543 2373 astatque
567 2288 744 2352 materiam
768 2287 943 2350 collectam
967 2287 1183 2352 inordinem
1207 2286 1377 2373 quendam

204 2404 400 2489 redigamus
440 2403 617 2488 denuoque
657 2402 754 2488 quasi
794 2402 964 2488 integram
999 2411 1193 2468 tractemus.
1247 2405 1377 2469 Fontes

205 2526 319 2583 autern
343 2525 423 2583 sunt
447 2527 481 2584 et
509 2542 625 2584 omnes
650 2519 856 2583 Graecorum
880 2519 1070 2604 scriptores²
1095 2519 1263 2604 imprimis
1286 2521 1374 2585 Pau-

205 2635 318 2699 sanias
343 2635 652 2721 epigramrnataque
680 2635 718 2699 in
740 2633 949 2719 Anthologia
977 2635 1107 2699 Graeca
1115 2629 1142 2717 2)
1166 2636 1317 2721 collecta,
1341 2642 1376 2700 61

205 2750 406 2816 dedicatorii
429 2752 488 2836 qui
511 2757 677 2817 vocantur
700 2751 794 2816 tituli
817 2757 852 2814 et
875 2750 970 2815 varia
993 2756 1223 2816 monumenta.

311 2868 358 2931 Et
385 2867 448 2932 hoc
484 2867 622 2953 quidem
650 2868 722 2932 loco
752 2890 769 2931 e
798 2866 1052 2952 quaestionibus
1082 2866 1200 2930 multis
1225 2889 1309 2950 quae
1331 2828 1374 2929 ad

205 2982 421 3048 anathemata
434 2985 563 3049 Graeca
575 2984 749 3070 pertinent
760 3005 864 3046 unam
880 2983 979 3047 166116
991 3004 1181 3068 persequar.
1212 2979 1373 3056 Quaestio

204 3105 318 3164 autem
341 3106 402 3184 est,
439 3100 506 3185 qui
529 3100 829 3163 anathematum
853 3100 1093 3163 Graecorum
1116 3095 1241 3163 fuerit
1266 3117 1372 3161 usus.

312 3215 432 3280 Totam
455 3216 632 3280 materiam
656 3213 767 3279 dividi
790 3213 827 3277 in
850 3214 962 3299 capita
986 3214 1062 3279 duc.

311 3332 411 3395 Prius
436 3341 536 3418 caput
560 3331 792 3396 committetur
813 3330 1004 3414 quaestioni
1021 3331 1062 3395 de
1078 3331 1121 3395 iis
1138 3327 1373 3410 anathematis,

205 3469 289 3532 quae
314 3448 436 3513 certis
460 3447 579 3512 diebus
603 3446 770 3511 dabantur
794 3445 860 3508 diis
885 3468 1092 3532 quorumque
1116 3468 1276 3512 numerus
1301 3445 1374 3509 1611-

203 3563 298 3647 giore
321 3571 380 3629 661
394 3564 550 3629 breviore
575 3564 683 3649 spatio
700 3562 894 3626 intermisso
915 3563 1109 3646 augebatur.
1149 3565 1244 3629 Haec
1266 3560 1374 3626 nomi-

204 3680 357 3744 naverim
381 3681 635 3745 anathemata
658 3679 876 3744 ordinaria.
920 3679 963 3741 111
987 3679 1092 3741 611616
1109 3680 1220 3764 capite
1238 3676 1377 3743 donaria

205 3796 310 3858 semel
332 3796 431 3859 modo
455 3796 521 3859 diis
546 3795 624 3859 data
648 3795 808 3859 tractabo
848 3795 895 3856 Et
918 3792 1040 3856 horum
1062 3815 1188 3858 nomen
1213 3795 1258 3858 sit
1282 3815 1376 3857 ana-

204 3909 382 3974 themata
407 3910 738 3975 extraordinaria.

312 4199 339 4271 1)
357 4199 555 4255 Dictionnaire
583 4200 632 4256 des
651 4199 807 4271 antiquitds
826 4218 963 4272 grecques
982 4206 1011 4255 et
1029 4196 1172 4252 1611161666
1191 4200 1261 4248 1616.
1275 4193 1290 4248 Ι
1306 4193 1375 4248 1877

205 4287 318 4361 (Ρ6116).
421 4319 427 4334 ,

310 4381 339 4449 2)
358 4380 425 4453 Cap.
444 4379 487 4436 VI
506 4378 551 4431 ἔπι
570 4373 724 4451 γράμματα
745 4371 940 4451 tivccdquurtmi
