<?xml version="1.0" encoding="UTF-8"?>
<!DOCTYPE html PUBLIC "-//W3C//DTD XHTML 1.0 Transitional//EN"
    "http://www.w3.org/TR/xhtml1/DTD/xhtml1-transitional.dtd">
<html xmlns="http://www.w3.org/1999/xhtml" xml:lang="en" lang="en">
 <head>
  <title>
</title>
<meta http-equiv="Content-Type" content="text/html;charset=utf-8" />
  <meta name='ocr-system' content='tesseract 3.04.00' />
  <meta name='ocr-capabilities' content='ocr_page ocr_carea ocr_par ocr_line ocrx_word'/>
</head>
<body>
  <div class='ocr_page' id='page_1' title='image "./deanathematisgr00ziemgoog_0019.png"; bbox 0 0 3134 4958; ppageno 0'>
   <div class='ocr_carea' id='block_1_1' title="bbox 675 295 894 359">
    <p class='ocr_par' dir='ltr' id='par_1_1' title="bbox 675 295 894 359">
     <span class='ocr_line' id='line_1_1' title="bbox 675 295 894 359; baseline 0 -21"><span class='ocrx_word' id='word_1_1' title='bbox 675 295 894 359; x_wconf 72' lang='lat'>...10-</span> 
     </span>
    </p>
   </div>
   <div class='ocr_carea' id='block_1_2' title="bbox 156 507 1370 2798">
    <p class='ocr_par' dir='ltr' id='par_1_2' title="bbox 198 507 1370 1059">
     <span class='ocr_line' id='line_1_2' title="bbox 307 507 1368 596; baseline 0.004 -25"><span class='ocrx_word' id='word_1_2' title='bbox 307 509 334 572; x_wconf 93' lang='lat'>1.</span> <span class='ocrx_word' id='word_1_3' title='bbox 366 508 481 572; x_wconf 90' lang='lat' dir='ltr'>Primo</span> <span class='ocrx_word' id='word_1_4' title='bbox 498 507 750 573; x_wconf 77' lang='lat' dir='ltr'><strong>consideremus</strong></span> <span class='ocrx_word' id='word_1_5' title='bbox 766 509 839 574; x_wconf 90' lang='lat' dir='ltr'>loco</span> <span class='ocrx_word' id='word_1_6' title='bbox 856 532 895 574; x_wconf 90' lang='lat' dir='ltr'>ea</span> <span class='ocrx_word' id='word_1_7' title='bbox 911 509 1182 594; x_wconf 89' lang='lat' dir='ltr'>anathemata,</span> <span class='ocrx_word' id='word_1_8' title='bbox 1207 533 1368 596; x_wconf 93' lang='lat' dir='ltr'>quorum</span> 
     </span>
     <span class='ocr_line' id='line_1_3' title="bbox 198 625 1370 713; baseline 0.002 -25"><span class='ocrx_word' id='word_1_9' title='bbox 198 630 381 689; x_wconf 90' lang='lat' dir='ltr'>auctores</span> <span class='ocrx_word' id='word_1_10' title='bbox 405 647 423 688; x_wconf 91' lang='lat' dir='ltr'>e</span> <span class='ocrx_word' id='word_1_11' title='bbox 453 625 685 689; x_wconf 72' lang='lat' dir='ltr'>calamitate</span> <span class='ocrx_word' id='word_1_12' title='bbox 714 625 880 708; x_wconf 89' lang='lat' dir='ltr'>quadam</span> <span class='ocrx_word' id='word_1_13' title='bbox 903 649 942 690; x_wconf 93' lang='lat' dir='ltr'>se</span> <span class='ocrx_word' id='word_1_14' title='bbox 967 627 1268 713; x_wconf 83' lang='lat' dir='ltr'>expediverant.</span> <span class='ocrx_word' id='word_1_15' title='bbox 1315 628 1370 690; x_wconf 86' lang='lat' dir='ltr'>Ex</span> 
     </span>
     <span class='ocr_line' id='line_1_4' title="bbox 198 739 1370 828; baseline 0.003 -24"><span class='ocrx_word' id='word_1_16' title='bbox 198 739 298 804; x_wconf 91' lang='lat' dir='ltr'>huius</span> <span class='ocrx_word' id='word_1_17' title='bbox 332 740 468 825; x_wconf 90' lang='lat' dir='ltr'>generis</span> <span class='ocrx_word' id='word_1_18' title='bbox 503 741 666 827; x_wconf 84' lang='lat' dir='ltr'>exemplis</span> <span class='ocrx_word' id='word_1_19' title='bbox 704 740 868 806; x_wconf 86' lang='lat' dir='ltr'>donaria</span> <span class='ocrx_word' id='word_1_20' title='bbox 902 743 949 807; x_wconf 89' lang='lat' dir='ltr'>ad</span> <span class='ocrx_word' id='word_1_21' title='bbox 984 741 1090 807; x_wconf 90' lang='lat' dir='ltr'>bella</span> <span class='ocrx_word' id='word_1_22' title='bbox 1123 742 1223 808; x_wconf 90' lang='lat' dir='ltr'>bene</span> <span class='ocrx_word' id='word_1_23' title='bbox 1255 749 1370 828; x_wconf 89' lang='lat' dir='ltr'>gesta</span> 
     </span>
     <span class='ocr_line' id='line_1_5' title="bbox 198 853 1369 944; baseline 0.003 -25"><span class='ocrx_word' id='word_1_24' title='bbox 198 855 451 942; x_wconf 70' lang='lat' dir='ltr'>pertinentia</span> <span class='ocrx_word' id='word_1_25' title='bbox 484 853 647 921; x_wconf 88' lang='lat' dir='ltr'>videntur</span> <span class='ocrx_word' id='word_1_26' title='bbox 680 857 767 921; x_wconf 92' lang='lat' dir='ltr'>mihi</span> <span class='ocrx_word' id='word_1_27' title='bbox 797 879 869 922; x_wconf 86' lang='lat' dir='ltr'>esse</span> <span class='ocrx_word' id='word_1_28' title='bbox 893 859 994 944; x_wconf 89' lang='lat' dir='ltr'>longe</span> <span class='ocrx_word' id='word_1_29' title='bbox 1017 859 1228 944; x_wconf 85' lang='lat' dir='ltr'>gravissima.</span> <span class='ocrx_word' id='word_1_30' title='bbox 1275 860 1369 923; x_wconf 88' lang='lat' dir='ltr'>Haec</span> 
     </span>
     <span class='ocr_line' id='line_1_6' title="bbox 198 972 801 1059; baseline 0.002 -22"><span class='ocrx_word' id='word_1_31' title='bbox 198 995 259 1058; x_wconf 92' lang='lat' dir='ltr'>pro</span> <span class='ocrx_word' id='word_1_32' title='bbox 282 979 475 1059; x_wconf 89' lang='lat' dir='ltr'>temporum</span> <span class='ocrx_word' id='word_1_33' title='bbox 497 972 630 1037; x_wconf 87' lang='lat' dir='ltr'>ratione</span> <span class='ocrx_word' id='word_1_34' title='bbox 653 973 801 1038; x_wconf 84' lang='lat' dir='ltr'>afferam.</span> 
     </span>
    </p>

    <p class='ocr_par' dir='ltr' id='par_1_3' title="bbox 156 1087 1369 2798">
     <span class='ocr_line' id='line_1_7' title="bbox 304 1087 1368 1176; baseline -0.004 -18"><span class='ocrx_word' id='word_1_35' title='bbox 304 1087 429 1174; x_wconf 79' lang='lat' dir='ltr'>Argivi</span> <span class='ocrx_word' id='word_1_36' title='bbox 463 1094 498 1153; x_wconf 89' lang='lat' dir='ltr'>et</span> <span class='ocrx_word' id='word_1_37' title='bbox 520 1089 701 1173; x_wconf 77' lang='lat' dir='ltr'>Polynices</span> <span class='ocrx_word' id='word_1_38' title='bbox 730 1089 812 1172; x_wconf 85' lang='lat' dir='ltr'>dux,</span> <span class='ocrx_word' id='word_1_39' title='bbox 836 1089 1034 1175; x_wconf 74' lang='lat' dir='ltr'>prinsquam</span> <span class='ocrx_word' id='word_1_40' title='bbox 1058 1091 1191 1156; x_wconf 80' lang='lat' dir='ltr'>Thebas</span> <span class='ocrx_word' id='word_1_41' title='bbox 1214 1090 1368 1176; x_wconf 89' lang='lat' dir='ltr'>proficis-</span> 
     </span>
     <span class='ocr_line' id='line_1_8' title="bbox 198 1205 1367 1290; baseline 0.002 -22"><span class='ocrx_word' id='word_1_42' title='bbox 198 1210 363 1288; x_wconf 87' lang='lat' dir='ltr'>cerentur,</span> <span class='ocrx_word' id='word_1_43' title='bbox 398 1205 435 1268; x_wconf 92' lang='lat' dir='ltr'>in</span> <span class='ocrx_word' id='word_1_44' title='bbox 469 1205 596 1290; x_wconf 91' lang='lat' dir='ltr'>templo</span> <span class='ocrx_word' id='word_1_45' title='bbox 630 1205 775 1290; x_wconf 89' lang='lat' dir='ltr'>quodam</span> <span class='ocrx_word' id='word_1_46' title='bbox 797 1206 929 1290; x_wconf 81' lang='lat' dir='ltr'>Argivo</span> <span class='ocrx_word' id='word_1_47' title='bbox 959 1212 1087 1271; x_wconf 90' lang='lat' dir='ltr'>statuas</span> <span class='ocrx_word' id='word_1_48' title='bbox 1111 1206 1232 1270; x_wconf 90' lang='lat' dir='ltr'>Martis</span> <span class='ocrx_word' id='word_1_49' title='bbox 1256 1208 1367 1272; x_wconf 89' lang='lat' dir='ltr'>Vene-</span> 
     </span>
     <span class='ocr_line' id='line_1_9' title="bbox 197 1319 1369 1408; baseline 0.002 -24"><span class='ocrx_word' id='word_1_50' title='bbox 197 1321 312 1406; x_wconf 85' lang='lat' dir='ltr'>risque</span> <span class='ocrx_word' id='word_1_51' title='bbox 336 1320 496 1385; x_wconf 85' lang='lat' dir='ltr'>diountur</span> <span class='ocrx_word' id='word_1_52' title='bbox 523 1321 676 1408; x_wconf 85' lang='lat' dir='ltr'>posuisse</span> <span class='ocrx_word' id='word_1_53' title='bbox 705 1322 815 1402; x_wconf 88' lang='lat' dir='ltr'>(Paus.</span> <span class='ocrx_word' id='word_1_54' title='bbox 840 1323 885 1405; x_wconf 92' lang='grc' dir='ltr'>Π,</span> <span class='ocrx_word' id='word_1_55' title='bbox 910 1322 962 1405; x_wconf 72' lang='grc'>211,</span> <span class='ocrx_word' id='word_1_56' title='bbox 990 1319 1032 1402; x_wconf 85' lang='grc'>1).</span> <span class='ocrx_word' id='word_1_57' title='bbox 1078 1323 1154 1386; x_wconf 88' lang='lat' dir='ltr'>Hoc</span> <span class='ocrx_word' id='word_1_58' title='bbox 1178 1323 1369 1407; x_wconf 88' lang='lat' dir='ltr'>exemplum</span> 
     </span>
     <span class='ocr_line' id='line_1_10' title="bbox 198 1437 1368 1524; baseline 0.002 -24"><span class='ocrx_word' id='word_1_59' title='bbox 198 1472 239 1480; x_wconf 95' lang='lat'><em>-</em></span> <span class='ocrx_word' id='word_1_60' title='bbox 264 1458 368 1520; x_wconf 87' lang='lat' dir='ltr'>aeque</span> <span class='ocrx_word' id='word_1_61' title='bbox 391 1459 430 1501; x_wconf 87' lang='lat' dir='ltr'>aa</span> <span class='ocrx_word' id='word_1_62' title='bbox 453 1437 519 1501; x_wconf 92' lang='lat' dir='ltr'>alia</span> <span class='ocrx_word' id='word_1_63' title='bbox 543 1460 627 1521; x_wconf 91' lang='lat' dir='ltr'>quae</span> <span class='ocrx_word' id='word_1_64' title='bbox 651 1443 769 1524; x_wconf 90' lang='lat' dir='ltr'>postea</span> <span class='ocrx_word' id='word_1_65' title='bbox 792 1460 852 1502; x_wconf 92' lang='lat' dir='ltr'>suo</span> <span class='ocrx_word' id='word_1_66' title='bbox 876 1439 949 1503; x_wconf 92' lang='lat' dir='ltr'>loco</span> <span class='ocrx_word' id='word_1_67' title='bbox 974 1438 1176 1502; x_wconf 87' lang='lat' dir='ltr'>enumerabo</span> <span class='ocrx_word' id='word_1_68' title='bbox 1202 1475 1243 1482; x_wconf 90' lang='lat'>—</span> <span class='ocrx_word' id='word_1_69' title='bbox 1269 1438 1368 1502; x_wconf 87' lang='lat' dir='ltr'>dissi-</span> 
     </span>
     <span class='ocr_line' id='line_1_11' title="bbox 196 1552 1368 1638; baseline 0.003 -22"><span class='ocrx_word' id='word_1_70' title='bbox 196 1553 365 1617; x_wconf 89' lang='lat' dir='ltr'>mulanter</span> <span class='ocrx_word' id='word_1_71' title='bbox 399 1552 537 1637; x_wconf 87' lang='lat' dir='ltr'>quidem</span> <span class='ocrx_word' id='word_1_72' title='bbox 572 1553 644 1618; x_wconf 87' lang='lat' dir='ltr'>eius</span> <span class='ocrx_word' id='word_1_73' title='bbox 680 1576 753 1617; x_wconf 90' lang='lat' dir='ltr'>esse</span> <span class='ocrx_word' id='word_1_74' title='bbox 786 1553 907 1618; x_wconf 89' lang='lat' dir='ltr'>aetatis</span> <span class='ocrx_word' id='word_1_75' title='bbox 942 1553 1091 1637; x_wconf 78' lang='lat' dir='ltr'>uidetur,</span> <span class='ocrx_word' id='word_1_76' title='bbox 1129 1576 1215 1638; x_wconf 90' lang='lat' dir='ltr'>quae</span> <span class='ocrx_word' id='word_1_77' title='bbox 1243 1553 1368 1619; x_wconf 83' lang='lat' dir='ltr'>fabulis</span> 
     </span>
     <span class='ocr_line' id='line_1_12' title="bbox 197 1668 1368 1756; baseline -0.002 -21"><span class='ocrx_word' id='word_1_78' title='bbox 197 1669 379 1755; x_wconf 85' lang='lat' dir='ltr'>obtegitur.</span> <span class='ocrx_word' id='word_1_79' title='bbox 430 1668 472 1733; x_wconf 88' lang='lat' dir='ltr'>Id</span> <span class='ocrx_word' id='word_1_80' title='bbox 503 1675 619 1733; x_wconf 89' lang='lat' dir='ltr'>tamen</span> <span class='ocrx_word' id='word_1_81' title='bbox 653 1669 716 1734; x_wconf 90' lang='lat' dir='ltr'>hcc</span> <span class='ocrx_word' id='word_1_82' title='bbox 751 1670 824 1734; x_wconf 88' lang='lat' dir='ltr'>loco</span> <span class='ocrx_word' id='word_1_83' title='bbox 859 1670 1078 1734; x_wconf 89' lang='lat' dir='ltr'>inserendum</span> <span class='ocrx_word' id='word_1_84' title='bbox 1112 1669 1233 1756; x_wconf 89' lang='lat' dir='ltr'>putavi</span> <span class='ocrx_word' id='word_1_85' title='bbox 1268 1676 1302 1733; x_wconf 91' lang='lat' dir='ltr'>et</span> <span class='ocrx_word' id='word_1_86' title='bbox 1330 1676 1368 1734; x_wconf 93' lang='lat' dir='ltr'>ut</span> 
     </span>
     <span class='ocr_line' id='line_1_13' title="bbox 196 1785 1368 1872; baseline 0 -21"><span class='ocrx_word' id='word_1_87' title='bbox 196 1785 315 1851; x_wconf 89' lang='lat' dir='ltr'>lectori</span> <span class='ocrx_word' id='word_1_88' title='bbox 330 1785 519 1850; x_wconf 81' lang='lat' dir='ltr'>accuratius</span> <span class='ocrx_word' id='word_1_89' title='bbox 537 1786 713 1870; x_wconf 85' lang='lat' dir='ltr'>quaerenti</span> <span class='ocrx_word' id='word_1_90' title='bbox 730 1787 883 1872; x_wconf 88' lang='lat' dir='ltr'>exempla</span> <span class='ocrx_word' id='word_1_91' title='bbox 900 1786 1055 1871; x_wconf 86' lang='lat' dir='ltr'>quamvis</span> <span class='ocrx_word' id='word_1_92' title='bbox 1066 1786 1218 1872; x_wconf 88' lang='lat' dir='ltr'>&#39;plurima</span> <span class='ocrx_word' id='word_1_93' title='bbox 1233 1792 1368 1871; x_wconf 87' lang='lat' dir='ltr'>praesto</span> 
     </span>
     <span class='ocr_line' id='line_1_14' title="bbox 156 1900 1368 1988; baseline 0.002 -23"><span class='ocrx_word' id='word_1_94' title='bbox 156 1927 158 1931; x_wconf 93' lang='lat'>·</span> <span class='ocrx_word' id='word_1_95' title='bbox 197 1902 267 1966; x_wconf 89' lang='lat' dir='ltr'>sint</span> <span class='ocrx_word' id='word_1_96' title='bbox 301 1907 336 1965; x_wconf 93' lang='lat' dir='ltr'>et</span> <span class='ocrx_word' id='word_1_97' title='bbox 366 1900 456 1985; x_wconf 88' lang='lat' dir='ltr'>quod</span> <span class='ocrx_word' id='word_1_98' title='bbox 482 1923 680 1987; x_wconf 86' lang='lat' dir='ltr'>persuasum</span> <span class='ocrx_word' id='word_1_99' title='bbox 709 1902 795 1966; x_wconf 89' lang='lat' dir='ltr'>mihi</span> <span class='ocrx_word' id='word_1_100' title='bbox 818 1903 935 1985; x_wconf 85' lang='lat' dir='ltr'>habac,</span> <span class='ocrx_word' id='word_1_101' title='bbox 960 1901 996 1966; x_wconf 87' lang='lat' dir='ltr'>id</span> <span class='ocrx_word' id='word_1_102' title='bbox 1019 1925 1128 1988; x_wconf 89' lang='lat' dir='ltr'>genus</span> <span class='ocrx_word' id='word_1_103' title='bbox 1152 1901 1368 1967; x_wconf 90' lang='lat' dir='ltr'>anathemata</span> 
     </span>
     <span class='ocr_line' id='line_1_15' title="bbox 197 2015 1368 2104; baseline -0.001 -21"><span class='ocrx_word' id='word_1_104' title='bbox 197 2041 236 2083; x_wconf 87' lang='lat' dir='ltr'>ea</span> <span class='ocrx_word' id='word_1_105' title='bbox 259 2023 379 2101; x_wconf 90' lang='lat' dir='ltr'>aetate,</span> <span class='ocrx_word' id='word_1_106' title='bbox 404 2039 489 2101; x_wconf 92' lang='lat' dir='ltr'>quae</span> <span class='ocrx_word' id='word_1_107' title='bbox 512 2015 675 2082; x_wconf 83' lang='lat' dir='ltr'>historiae</span> <span class='ocrx_word' id='word_1_108' title='bbox 698 2018 766 2082; x_wconf 87' lang='lat' dir='ltr'>fide</span> <span class='ocrx_word' id='word_1_109' title='bbox 783 2018 1028 2104; x_wconf 88' lang='lat' dir='ltr'>comprobatur,</span> <span class='ocrx_word' id='word_1_110' title='bbox 1045 2041 1118 2082; x_wconf 86' lang='lat' dir='ltr'>esse</span> <span class='ocrx_word' id='word_1_111' title='bbox 1142 2018 1240 2082; x_wconf 81' lang='lat' dir='ltr'>facta.</span> <span class='ocrx_word' id='word_1_112' title='bbox 1280 2019 1368 2082; x_wconf 87' lang='lat' dir='ltr'>Nam</span> 
     </span>
     <span class='ocr_line' id='line_1_16' title="bbox 196 2133 1367 2220; baseline 0.001 -21"><span class='ocrx_word' id='word_1_113' title='bbox 196 2157 273 2199; x_wconf 90' lang='lat' dir='ltr'>oum</span> <span class='ocrx_word' id='word_1_114' title='bbox 294 2139 438 2216; x_wconf 66' lang='lat' dir='ltr'>veteres</span> <span class='ocrx_word' id='word_1_115' title='bbox 463 2133 553 2197; x_wconf 90' lang='lat' dir='ltr'>unde</span> <span class='ocrx_word' id='word_1_116' title='bbox 577 2134 744 2218; x_wconf 85' lang='lat' dir='ltr'>originem</span> <span class='ocrx_word' id='word_1_117' title='bbox 760 2136 944 2199; x_wconf 88' lang='lat' dir='ltr'>multorum</span> <span class='ocrx_word' id='word_1_118' title='bbox 960 2135 1164 2220; x_wconf 91' lang='lat' dir='ltr'>templorum</span> <span class='ocrx_word' id='word_1_119' title='bbox 1180 2141 1367 2200; x_wconf 91' lang='lat' dir='ltr'>statuarum</span> 
     </span>
     <span class='ocr_line' id='line_1_17' title="bbox 194 2247 1367 2336; baseline 0 -21"><span class='ocrx_word' id='word_1_120' title='bbox 194 2272 308 2315; x_wconf 91' lang='lat' dir='ltr'>rerum</span> <span class='ocrx_word' id='word_1_121' title='bbox 331 2247 482 2314; x_wconf 84' lang='lat' dir='ltr'>cuiusvis</span> <span class='ocrx_word' id='word_1_122' title='bbox 506 2249 640 2334; x_wconf 87' lang='lat' dir='ltr'>generis</span> <span class='ocrx_word' id='word_1_123' title='bbox 666 2257 847 2334; x_wconf 82' lang='lat' dir='ltr'>sumerent,</span> <span class='ocrx_word' id='word_1_124' title='bbox 873 2251 910 2314; x_wconf 89' lang='lat' dir='ltr'>in</span> <span class='ocrx_word' id='word_1_125' title='bbox 934 2251 1064 2314; x_wconf 88' lang='lat' dir='ltr'>incerto</span> <span class='ocrx_word' id='word_1_126' title='bbox 1089 2258 1212 2336; x_wconf 90' lang='lat' dir='ltr'>essent,</span> <span class='ocrx_word' id='word_1_127' title='bbox 1240 2274 1281 2315; x_wconf 85' lang='lat' dir='ltr'>ex</span> <span class='ocrx_word' id='word_1_128' title='bbox 1304 2251 1367 2315; x_wconf 92' lang='lat' dir='ltr'>hac</span> 
     </span>
     <span class='ocr_line' id='line_1_18' title="bbox 195 2365 1368 2453; baseline 0.001 -23"><span class='ocrx_word' id='word_1_129' title='bbox 195 2366 419 2452; x_wconf 87' lang='lat' dir='ltr'>ambiguitate</span> <span class='ocrx_word' id='word_1_130' title='bbox 459 2365 508 2429; x_wconf 93' lang='lat' dir='ltr'>ita</span> <span class='ocrx_word' id='word_1_131' title='bbox 543 2387 579 2429; x_wconf 91' lang='lat' dir='ltr'>se</span> <span class='ocrx_word' id='word_1_132' title='bbox 612 2366 869 2452; x_wconf 84' lang='lat' dir='ltr'>expediveruut,</span> <span class='ocrx_word' id='word_1_133' title='bbox 904 2373 943 2430; x_wconf 97' lang='lat' dir='ltr'>ut</span> <span class='ocrx_word' id='word_1_134' title='bbox 978 2373 1130 2431; x_wconf 88' lang='lat' dir='ltr'>auctores</span> <span class='ocrx_word' id='word_1_135' title='bbox 1165 2373 1368 2453; x_wconf 89' lang='lat' dir='ltr'>usurparent</span> 
     </span>
     <span class='ocr_line' id='line_1_19' title="bbox 195 2481 1363 2569; baseline 0.001 -22"><span class='ocrx_word' id='word_1_136' title='bbox 195 2482 366 2568; x_wconf 90' lang='lat' dir='ltr'>mythicae</span> <span class='ocrx_word' id='word_1_137' title='bbox 401 2481 493 2545; x_wconf 88' lang='lat' dir='ltr'>illius</span> <span class='ocrx_word' id='word_1_138' title='bbox 522 2482 643 2546; x_wconf 88' lang='lat' dir='ltr'>aetatis</span> <span class='ocrx_word' id='word_1_139' title='bbox 666 2482 830 2546; x_wconf 90' lang='lat' dir='ltr'>homines.</span> <span class='ocrx_word' id='word_1_140' title='bbox 877 2483 996 2567; x_wconf 88' lang='lat' dir='ltr'>Neque</span> <span class='ocrx_word' id='word_1_141' title='bbox 1020 2483 1156 2548; x_wconf 88' lang='lat' dir='ltr'>silentio</span> <span class='ocrx_word' id='word_1_142' title='bbox 1180 2490 1363 2569; x_wconf 83' lang='lat' dir='ltr'>praeterea,</span> 
     </span>
     <span class='ocr_line' id='line_1_20' title="bbox 194 2597 1366 2683; baseline 0.001 -20"><span class='ocrx_word' id='word_1_143' title='bbox 194 2598 374 2663; x_wconf 89' lang='lat' dir='ltr'>anathema</span> <span class='ocrx_word' id='word_1_144' title='bbox 396 2597 507 2683; x_wconf 91' lang='lat' dir='ltr'>primo</span> <span class='ocrx_word' id='word_1_145' title='bbox 530 2598 602 2662; x_wconf 93' lang='lat' dir='ltr'>loco</span> <span class='ocrx_word' id='word_1_146' title='bbox 627 2603 861 2662; x_wconf 89' lang='lat' dir='ltr'>enumeratum</span> <span class='ocrx_word' id='word_1_147' title='bbox 884 2621 953 2662; x_wconf 90' lang='lat' dir='ltr'>non</span> <span class='ocrx_word' id='word_1_148' title='bbox 976 2605 1046 2663; x_wconf 91' lang='lat' dir='ltr'>tam</span> <span class='ocrx_word' id='word_1_149' title='bbox 1070 2599 1113 2663; x_wconf 85' lang='lat' dir='ltr'>ad</span> <span class='ocrx_word' id='word_1_150' title='bbox 1137 2599 1265 2664; x_wconf 90' lang='lat' dir='ltr'>bellum</span> <span class='ocrx_word' id='word_1_151' title='bbox 1289 2622 1366 2664; x_wconf 93' lang='lat' dir='ltr'>con-</span> 
     </span>
     <span class='ocr_line' id='line_1_21' title="bbox 194 2712 1368 2798; baseline 0.001 -19"><span class='ocrx_word' id='word_1_152' title='bbox 194 2714 321 2779; x_wconf 85' lang='lat' dir='ltr'>fectum</span> <span class='ocrx_word' id='word_1_153' title='bbox 338 2736 439 2798; x_wconf 90' lang='lat' dir='ltr'>quam</span> <span class='ocrx_word' id='word_1_154' title='bbox 455 2712 703 2778; x_wconf 86' lang='lat' dir='ltr'>conficiendum</span> <span class='ocrx_word' id='word_1_155' title='bbox 718 2712 848 2778; x_wconf 81' lang='lat' dir='ltr'>referri.</span> <span class='ocrx_word' id='word_1_156' title='bbox 889 2714 957 2780; x_wconf 81' lang='lat' dir='ltr'>Sed</span> <span class='ocrx_word' id='word_1_157' title='bbox 974 2716 1131 2780; x_wconf 85' lang='lat' dir='ltr'>eumalio</span> <span class='ocrx_word' id='word_1_158' title='bbox 1157 2717 1230 2780; x_wconf 88' lang='lat' dir='ltr'>loco</span> <span class='ocrx_word' id='word_1_159' title='bbox 1255 2716 1368 2781; x_wconf 87' lang='lat' dir='ltr'>afferri</span> 
     </span>
    </p>
   </div>
   <div class='ocr_carea' id='block_1_3' title="bbox 195 2829 1366 2916">
    <p class='ocr_par' dir='ltr' id='par_1_4' title="bbox 195 2829 1366 2916">
     <span class='ocr_line' id='line_1_22' title="bbox 195 2829 1366 2916; baseline 0.002 -22"><span class='ocrx_word' id='word_1_160' title='bbox 195 2853 265 2895; x_wconf 91' lang='lat' dir='ltr'>non</span> <span class='ocrx_word' id='word_1_161' title='bbox 299 2829 445 2914; x_wconf 86' lang='lat' dir='ltr'>possint,</span> <span class='ocrx_word' id='word_1_162' title='bbox 482 2835 521 2894; x_wconf 91' lang='lat' dir='ltr'>ut</span> <span class='ocrx_word' id='word_1_163' title='bbox 549 2829 708 2916; x_wconf 80' lang='lat' dir='ltr'>arbitror,</span> <span class='ocrx_word' id='word_1_164' title='bbox 733 2831 769 2895; x_wconf 89' lang='lat' dir='ltr'>id</span> <span class='ocrx_word' id='word_1_165' title='bbox 791 2853 899 2916; x_wconf 90' lang='lat' dir='ltr'>genus</span> <span class='ocrx_word' id='word_1_166' title='bbox 924 2830 1064 2896; x_wconf 89' lang='lat' dir='ltr'>donaria</span> <span class='ocrx_word' id='word_1_167' title='bbox 1086 2830 1143 2896; x_wconf 89' lang='lat' dir='ltr'>hic</span> <span class='ocrx_word' id='word_1_168' title='bbox 1166 2855 1366 2897; x_wconf 91' lang='lat' dir='ltr'>commemo-</span> 
     </span>
    </p>
   </div>
   <div class='ocr_carea' id='block_1_4' title="bbox 195 2952 1368 4080">
    <p class='ocr_par' dir='ltr' id='par_1_5' title="bbox 196 2952 325 3011">
     <span class='ocr_line' id='line_1_23' title="bbox 196 2952 325 3011; baseline 0 0"><span class='ocrx_word' id='word_1_169' title='bbox 196 2952 325 3011; x_wconf 85' lang='lat' dir='ltr'>rentur.</span> 
     </span>
    </p>

    <p class='ocr_par' dir='ltr' id='par_1_6' title="bbox 197 3060 1368 3265">
     <span class='ocr_line' id='line_1_24' title="bbox 302 3060 1368 3148; baseline 0.002 -22"><span class='ocrx_word' id='word_1_170' title='bbox 302 3064 409 3127; x_wconf 90' lang='lat' dir='ltr'>Dores</span> <span class='ocrx_word' id='word_1_171' title='bbox 433 3060 589 3144; x_wconf 89' lang='lat' dir='ltr'>Achaeis,</span> <span class='ocrx_word' id='word_1_172' title='bbox 624 3062 792 3148; x_wconf 89' lang='lat' dir='ltr'>imprimis</span> <span class='ocrx_word' id='word_1_173' title='bbox 821 3062 1016 3147; x_wconf 83' lang='lat' dir='ltr'>Amyclaeis</span> <span class='ocrx_word' id='word_1_174' title='bbox 1051 3063 1152 3126; x_wconf 84' lang='lat' dir='ltr'>victis</span> <span class='ocrx_word' id='word_1_175' title='bbox 1188 3085 1292 3148; x_wconf 88' lang='lat' dir='ltr'>prope</span> <span class='ocrx_word' id='word_1_176' title='bbox 1325 3063 1368 3128; x_wconf 85' lang='lat' dir='ltr'>ad</span> 
     </span>
     <span class='ocr_line' id='line_1_25' title="bbox 197 3171 1272 3265; baseline 0 -22"><span class='ocrx_word' id='word_1_177' title='bbox 197 3178 354 3265; x_wconf 83' lang='lat' dir='ltr'>Spartam</span> <span class='ocrx_word' id='word_1_178' title='bbox 377 3177 495 3242; x_wconf 86' lang='lat' dir='ltr'>fanum</span> <span class='ocrx_word' id='word_1_179' title='bbox 518 3177 543 3242; x_wconf 86' lang='lat' dir='ltr'><strong>J</strong></span> <span class='ocrx_word' id='word_1_180' title='bbox 544 3177 618 3241; x_wconf 88' lang='lat' dir='ltr'>ovis</span> <span class='ocrx_word' id='word_1_181' title='bbox 647 3171 818 3260; x_wconf 77' lang='grc' dir='ltr'><em>Τροπαίου</em></span> <span class='ocrx_word' id='word_1_182' title='bbox 841 3184 1023 3242; x_wconf 88' lang='lat' dir='ltr'>narrantur</span> <span class='ocrx_word' id='word_1_183' title='bbox 1047 3178 1239 3243; x_wconf 86' lang='lat' dir='ltr'>condidisse</span> <span class='ocrx_word' id='word_1_184' title='bbox 1247 3174 1272 3262; x_wconf 91' lang='grc'>1)</span> 
     </span>
    </p>

    <p class='ocr_par' dir='ltr' id='par_1_7' title="bbox 195 3293 1368 4080">
     <span class='ocr_line' id='line_1_26' title="bbox 303 3293 1366 3380; baseline 0 -21"><span class='ocrx_word' id='word_1_185' title='bbox 303 3293 416 3359; x_wconf 90' lang='lat' dir='ltr'>Annis</span> <span class='ocrx_word' id='word_1_186' title='bbox 441 3294 618 3358; x_wconf 82' lang='grc'>743-724</span> <span class='ocrx_word' id='word_1_187' title='bbox 641 3293 663 3358; x_wconf 89' lang='lat' dir='ltr'>i.</span> <span class='ocrx_word' id='word_1_188' title='bbox 689 3316 716 3358; x_wconf 92' lang='lat' dir='ltr'>e.</span> <span class='ocrx_word' id='word_1_189' title='bbox 741 3293 846 3358; x_wconf 90' lang='lat' dir='ltr'>aetati</span> <span class='ocrx_word' id='word_1_190' title='bbox 869 3294 973 3380; x_wconf 88' lang='lat' dir='ltr'>primi</span> <span class='ocrx_word' id='word_1_191' title='bbox 995 3294 1077 3358; x_wconf 90' lang='lat' dir='ltr'>belli</span> <span class='ocrx_word' id='word_1_192' title='bbox 1100 3295 1264 3359; x_wconf 88' lang='lat' dir='ltr'>Messenii</span> <span class='ocrx_word' id='word_1_193' title='bbox 1287 3318 1366 3359; x_wconf 92' lang='lat' dir='ltr'>ana-</span> 
     </span>
     <span class='ocr_line' id='line_1_27' title="bbox 195 3409 1367 3496; baseline 0.001 -21"><span class='ocrx_word' id='word_1_194' title='bbox 195 3411 346 3476; x_wconf 89' lang='lat' dir='ltr'>themata</span> <span class='ocrx_word' id='word_1_195' title='bbox 380 3409 614 3474; x_wconf 89' lang='lat' dir='ltr'>attribuuntur</span> <span class='ocrx_word' id='word_1_196' title='bbox 647 3409 740 3474; x_wconf 91' lang='lat' dir='ltr'>haec.</span> <span class='ocrx_word' id='word_1_197' title='bbox 787 3409 940 3476; x_wconf 83' lang='lat' dir='ltr'>Victoria</span> <span class='ocrx_word' id='word_1_198' title='bbox 973 3410 1014 3476; x_wconf 93' lang='lat' dir='ltr'>ab</span> <span class='ocrx_word' id='word_1_199' title='bbox 1043 3411 1176 3475; x_wconf 90' lang='lat' dir='ltr'>oraculo</span> <span class='ocrx_word' id='word_1_200' title='bbox 1200 3410 1367 3496; x_wconf 89' lang='lat' dir='ltr'>Delphico</span> 
     </span>
     <span class='ocr_line' id='line_1_28' title="bbox 195 3525 1367 3612; baseline 0.002 -21"><span class='ocrx_word' id='word_1_201' title='bbox 195 3526 238 3592; x_wconf 90' lang='lat' dir='ltr'>iis</span> <span class='ocrx_word' id='word_1_202' title='bbox 263 3526 322 3612; x_wconf 89' lang='lat' dir='ltr'>qui</span> <span class='ocrx_word' id='word_1_203' title='bbox 344 3525 473 3612; x_wconf 89' lang='lat' dir='ltr'>priores</span> <span class='ocrx_word' id='word_1_204' title='bbox 498 3525 540 3590; x_wconf 89' lang='lat' dir='ltr'>ad</span> <span class='ocrx_word' id='word_1_205' title='bbox 563 3527 588 3591; x_wconf 89' lang='lat' dir='ltr'><strong>J</strong></span> <span class='ocrx_word' id='word_1_206' title='bbox 589 3526 662 3591; x_wconf 85' lang='lat' dir='ltr'>ovis</span> <span class='ocrx_word' id='word_1_207' title='bbox 685 3526 875 3592; x_wconf 83' lang='lat' dir='ltr'>Ithomatae</span> <span class='ocrx_word' id='word_1_208' title='bbox 899 3549 991 3591; x_wconf 90' lang='lat' dir='ltr'>aram</span> <span class='ocrx_word' id='word_1_209' title='bbox 1013 3526 1206 3611; x_wconf 91' lang='lat' dir='ltr'>posuissent</span> <span class='ocrx_word' id='word_1_210' title='bbox 1230 3533 1367 3593; x_wconf 90' lang='lat' dir='ltr'>centum</span> 
     </span>
     <span class='ocr_line' id='line_1_29' title="bbox 195 3640 1366 3731; baseline 0.001 -23"><span class='ocrx_word' id='word_1_211' title='bbox 195 3641 347 3731; x_wconf 76' lang='lat' dir='ltr'>tripodes</span> <span class='ocrx_word' id='word_1_212' title='bbox 381 3642 557 3729; x_wconf 87' lang='lat' dir='ltr'>promissa,</span> <span class='ocrx_word' id='word_1_213' title='bbox 593 3643 656 3708; x_wconf 91' lang='lat' dir='ltr'>hoc</span> <span class='ocrx_word' id='word_1_214' title='bbox 691 3641 812 3707; x_wconf 86' lang='lat' dir='ltr'>fecisse</span> <span class='ocrx_word' id='word_1_215' title='bbox 849 3643 1009 3708; x_wconf 91' lang='lat' dir='ltr'>dicuntur</span> <span class='ocrx_word' id='word_1_216' title='bbox 1032 3648 1107 3705; x_wconf 92' lang='lat' dir='ltr'>astu</span> <span class='ocrx_word' id='word_1_217' title='bbox 1131 3642 1322 3729; x_wconf 82' lang='lat' dir='ltr'>Spartiatae</span> <span class='ocrx_word' id='word_1_218' title='bbox 1330 3640 1366 3726; x_wconf 81' lang='grc'>2).</span> 
     </span>
     <span class='ocr_line' id='line_1_30' title="bbox 195 3757 1368 3845; baseline -0.001 -21"><span class='ocrx_word' id='word_1_219' title='bbox 195 3759 252 3824; x_wconf 89' lang='lat' dir='ltr'>Ad</span> <span class='ocrx_word' id='word_1_220' title='bbox 275 3758 366 3823; x_wconf 90' lang='lat' dir='ltr'>idem</span> <span class='ocrx_word' id='word_1_221' title='bbox 388 3759 517 3823; x_wconf 90' lang='lat' dir='ltr'>bellum</span> <span class='ocrx_word' id='word_1_222' title='bbox 539 3759 620 3824; x_wconf 91' lang='lat' dir='ltr'>bere</span> <span class='ocrx_word' id='word_1_223' title='bbox 644 3757 836 3823; x_wconf 85' lang='lat' dir='ltr'>confectum</span> <span class='ocrx_word' id='word_1_224' title='bbox 859 3759 927 3841; x_wconf 90' lang='lat' dir='ltr'>alii,</span> <span class='ocrx_word' id='word_1_225' title='bbox 951 3779 1091 3822; x_wconf 90' lang='lat' dir='ltr'>numero</span> <span class='ocrx_word' id='word_1_226' title='bbox 1115 3763 1193 3843; x_wconf 92' lang='lat' dir='ltr'>tres,</span> <span class='ocrx_word' id='word_1_227' title='bbox 1218 3760 1368 3845; x_wconf 85' lang='lat' dir='ltr'>tripodes</span> 
     </span>
     <span class='ocr_line' id='line_1_31' title="bbox 196 3869 1368 3961; baseline -0.002 -21"><span class='ocrx_word' id='word_1_228' title='bbox 196 3874 237 3940; x_wconf 93' lang='lat' dir='ltr'>ab</span> <span class='ocrx_word' id='word_1_229' title='bbox 261 3875 384 3939; x_wconf 89' lang='lat' dir='ltr'>iisdem</span> <span class='ocrx_word' id='word_1_230' title='bbox 407 3874 564 3961; x_wconf 86' lang='lat' dir='ltr'>Apollini</span> <span class='ocrx_word' id='word_1_231' title='bbox 587 3875 772 3960; x_wconf 86' lang='lat' dir='ltr'>Amyclaeo</span> <span class='ocrx_word' id='word_1_232' title='bbox 801 3874 949 3938; x_wconf 86' lang='lat' dir='ltr'>dedicati</span> <span class='ocrx_word' id='word_1_233' title='bbox 976 3869 1191 3959; x_wconf 77' lang='lat' dir='ltr'>pertinent3).</span> <span class='ocrx_word' id='word_1_234' title='bbox 1244 3875 1368 3941; x_wconf 90' lang='lat' dir='ltr'>Omnia</span> 
     </span>
     <span class='ocr_line' id='line_1_32' title="bbox 196 3988 1366 4080; baseline 0 -25"><span class='ocrx_word' id='word_1_235' title='bbox 196 4013 281 4076; x_wconf 87' lang='lat' dir='ltr'>quae</span> <span class='ocrx_word' id='word_1_236' title='bbox 305 3990 349 4055; x_wconf 86' lang='lat' dir='ltr'>ad</span> <span class='ocrx_word' id='word_1_237' title='bbox 372 3991 606 4075; x_wconf 89' lang='lat' dir='ltr'>quaestionem</span> <span class='ocrx_word' id='word_1_238' title='bbox 623 3990 664 4055; x_wconf 87' lang='lat' dir='ltr'>de</span> <span class='ocrx_word' id='word_1_239' title='bbox 680 3990 790 4055; x_wconf 91' lang='lat' dir='ltr'>tribus</span> <span class='ocrx_word' id='word_1_240' title='bbox 813 3989 867 4054; x_wconf 95' lang='lat' dir='ltr'>his</span> <span class='ocrx_word' id='word_1_241' title='bbox 890 3988 1081 4080; x_wconf 87' lang='lat' dir='ltr'>tripodibus</span> <span class='ocrx_word' id='word_1_242' title='bbox 1097 3990 1248 4055; x_wconf 85' lang='lat' dir='ltr'>habitam</span> <span class='ocrx_word' id='word_1_243' title='bbox 1271 4013 1366 4075; x_wconf 89' lang='lat' dir='ltr'>spec-</span> 
     </span>
    </p>
   </div>
   <div class='ocr_carea' id='block_1_5' title="bbox 303 4291 800 4542">
    <p class='ocr_par' dir='ltr' id='par_1_8' title="bbox 303 4291 800 4542">
     <span class='ocr_line' id='line_1_33' title="bbox 305 4291 617 4363; baseline -0.006 -16"><span class='ocrx_word' id='word_1_244' title='bbox 305 4291 332 4363; x_wconf 84' lang='lat'>1)</span> <span class='ocrx_word' id='word_1_245' title='bbox 350 4294 437 4347; x_wconf 89' lang='lat' dir='ltr'>Paus.</span> <span class='ocrx_word' id='word_1_246' title='bbox 456 4291 511 4362; x_wconf 76' lang='grc' dir='ltr'>ΠΙ,</span> <span class='ocrx_word' id='word_1_247' title='bbox 532 4293 573 4360; x_wconf 93' lang='grc'>12,</span> <span class='ocrx_word' id='word_1_248' title='bbox 593 4293 617 4346; x_wconf 88' lang='grc'>9.</span> 
     </span>
     <span class='ocr_line' id='line_1_34' title="bbox 303 4382 666 4450; baseline -0.006 -14"><span class='ocrx_word' id='word_1_249' title='bbox 303 4383 331 4450; x_wconf 89' lang='grc'>2)</span> <span class='ocrx_word' id='word_1_250' title='bbox 350 4383 436 4437; x_wconf 91' lang='lat' dir='ltr'>Paus.</span> <span class='ocrx_word' id='word_1_251' title='bbox 455 4383 498 4438; x_wconf 84' lang='lat' dir='ltr'>IV</span> <span class='ocrx_word' id='word_1_252' title='bbox 500 4423 506 4450; x_wconf 92' lang='lat'>,</span> <span class='ocrx_word' id='word_1_253' title='bbox 527 4382 569 4449; x_wconf 91' lang='grc'>12,</span> <span class='ocrx_word' id='word_1_254' title='bbox 588 4382 666 4434; x_wconf 80' lang='grc'><strong>7-9.</strong></span> 
     </span>
     <span class='ocr_line' id='line_1_35' title="bbox 303 4470 800 4542; baseline -0.008 -15"><span class='ocrx_word' id='word_1_255' title='bbox 303 4471 332 4542; x_wconf 84' lang='grc'>3)</span> <span class='ocrx_word' id='word_1_256' title='bbox 351 4473 438 4527; x_wconf 88' lang='lat' dir='ltr'>Paus.</span> <span class='ocrx_word' id='word_1_257' title='bbox 457 4471 512 4541; x_wconf 89' lang='grc' dir='ltr'>ΠΙ,</span> <span class='ocrx_word' id='word_1_258' title='bbox 533 4471 575 4539; x_wconf 85' lang='grc'>18,</span> <span class='ocrx_word' id='word_1_259' title='bbox 594 4471 623 4538; x_wconf 87' lang='grc'>8;</span> <span class='ocrx_word' id='word_1_260' title='bbox 643 4470 693 4539; x_wconf 90' lang='lat' dir='ltr'>IV,</span> <span class='ocrx_word' id='word_1_261' title='bbox 714 4471 756 4540; x_wconf 88' lang='grc'>14,</span> <span class='ocrx_word' id='word_1_262' title='bbox 774 4470 800 4523; x_wconf 96' lang='grc'>2.</span> 
     </span>
    </p>
   </div>
   <div class='ocr_carea' id='block_1_6' title="bbox 0 0 1572 4958">
    <p class='ocr_par' dir='ltr' id='par_1_9' title="bbox 0 0 1572 4958">
     <span class='ocr_line' id='line_1_36' title="bbox 0 0 1572 4958; baseline 0 0"><span class='ocrx_word' id='word_1_263' title='bbox 0 0 1572 4958; x_wconf 95' lang='lat' dir='ltr'> </span> 
     </span>
    </p>
   </div>
  </div>
 </body>
</html>
