3134 4958
673 346 891 411 ..50-

196 581 288 625 usus.
329 559 555 637 Quamobrem
571 560 711 626 donaria
728 558 914 626 secundum
929 559 1132 644 occasiones,
1148 557 1239 624 unde
1264 558 1367 624 duxe-

195 681 277 740 runt
300 671 500 762 originem¹l
523 676 697 742 afferenda
720 699 793 741 esse
816 676 945 763 putavi.

303 809 560 877 Ordinariorum
595 809 732 897 quidem
760 811 972 876 occasionem
1005 832 1139 897 semper
1162 832 1265 874 unam
1289 830 1367 873 ean-

196 923 339 1012 demque
365 924 471 992 101000
496 927 725 1012 cognovimus.

302 1058 467 1127 Attamen
494 1061 532 1125 in
556 1061 832 1128 extraordinariis
862 1066 988 1147 quanta
1016 1060 1182 1145 regnabat
1203 1058 1367 1124 varietas!

194 1175 247 1241 De
280 1198 319 1241 ea
351 1177 539 1242 accuratius
573 1177 630 1242 hic
654 1177 835 1262 disserere,
858 1200 903 1242 ne
926 1183 1079 1264 repetam
1102 1199 1165 1259 me,
1190 1176 1278 1241 nole.
1325 1172 1367 1238 Id

194 1314 301 1357 unum
324 1291 400 1359 dico
423 1292 544 1359 horum
560 1293 816 1359 anathematum
831 1293 898 1359 duo
917 1292 1016 1358 nobis
1041 1292 1226 1357 occurrisse
1241 1311 1368 1376 genera

195 1407 296 1473 Prius
320 1408 363 1473 ad
386 1408 527 1474 donaria
550 1415 629 1474 ante
653 1409 781 1474 factum
806 1410 827 1474 i.
861 1433 888 1474 e.
921 1407 1126 1496 prohibendi
1153 1408 1209 1474 vel
1232 1406 1367 1492 saepius
1418 1399 1422 1407 ’

195 1523 403 1611 impetrandi
435 1548 534 1591 causa
561 1525 673 1591 dicata
711 1532 855 1612 spectat,
895 1525 1039 1591 alterum
1062 1525 1104 1590 ad
1128 1523 1268 1589 donaria
1290 1527 1368 1608 pest

116 1656 120 1664 '
195 1639 369 1707 factumi.
402 1665 430 1707 0.
463 1641 625 1729 expiandi
653 1642 708 1707 vel
732 1642 865 1727 saepius
905 1642 1031 1728 gratias
1070 1639 1241 1706 referendi
1269 1660 1369 1703 causa
1397 1722 1400 1727 ⁶

197 1755 329 1823 donata.
376 1757 534 1823 Alterum
568 1764 683 1823 autem
716 1756 780 1823 hoc
809 1781 917 1844 genus
941 1758 994 1822 illi
1016 1758 1121 1843 priori
1147 1758 1248 1841 longe
1272 1778 1367 1843 prae-

189 1854 308 1938 valere
333 1895 374 1938 ex
397 1875 560 1960 exemplis
576 1880 691 1961 potest
714 1874 880 1959 intellegi.
920 1875 967 1938 Et
990 1873 1027 1938 id
1050 1874 1088 1938 in
1110 1896 1223 1938 rerum
1246 1878 1368 1937 natura

196 2010 269 2053 esse
291 1995 383 2075 puto.
430 1989 522 2055 Ante
547 1990 639 2054 enim
662 1989 790 2055 factum
813 1990 1000 2055 verisimile
1024 1996 1076 2054 est
1100 1995 1134 2053 et
1157 1989 1308 2076 privatos
1333 1993 1368 2052 et

195 2105 438 2191 rempublicam
466 2107 664 2193 plerumque
688 2106 725 2169 in
749 2105 917 2190 precando
941 2106 1152 2191 acquievisse
1177 2112 1211 2169 01
1234 2110 1368 2169 tantum

195 2242 269 2287 raro
293 2245 408 2308 preces
432 2224 565 2288 auxisse
594 2223 702 2288 donis.
749 2223 848 2288 Dona
872 2228 1000 2306 autem,
1025 2228 1205 2308 postquam
1229 2219 1368 2285 deorum

196 2336 321 2402 auxilio
345 2337 473 2403 factum
498 2346 549 2404 est
573 2338 710 2423 aliquid,
737 2345 771 2403 et
794 2338 1001 2425 reipublicae
1025 2344 1060 2402 et
1083 2337 1227 2424 privatis
1251 2358 1367 2401 neces-

196 2453 283 2517 saria
318 2475 391 2518 esse
424 2455 639 2520 videbantur.
686 2455 881 2520 Discrimen
911 2455 1000 2541 quod
1023 2455 1114 2520 inter
1138 2454 1204 2518 duo
1229 2453 1367 2518 anathe-

194 2575 324 2634 matum
347 2592 473 2655 genera
496 2571 723 2636 intercederet
747 2595 951 2658 quamquam
975 2571 1115 2638 Graecis
1139 2571 1224 2657 ipsis
1248 2575 1368 2634 notum

195 2684 271 2770 fuit,
295 2693 411 2751 tamen
433 2687 526 2752 nullo
542 2687 670 2773 legitur
692 2689 765 2753 loco
790 2688 989 2773 explicitum
1004 2689 1075 2753 suis
1098 2686 1283 2753 vocabulis.
1319 2684 1368 2750 At

195 2801 364 2888 quispiam
391 2801 529 2867 dixerit:
558 2826 671 2869 nonne
694 2804 732 2868 P.
758 2799 993 2887 Foucaruus2)
1017 2803 1166 2869 donariis
1191 2809 1291 2867 antea
1316 2802 1366 2867 di-

195 2917 280 2983 catis
314 2918 516 2984 vocabulum
551 2911 688 3004 ἕπαρχή,
714 2908 886 3003 arleff)
921 2919 1069 2984 donariis
1098 2927 1217 3008 postea
1246 2918 1366 2983 dicatis

194 3034 405 3100 vindicavit?
440 3035 666 3102 Doctissimus
690 3037 748 3100 1110
772 3036 1051 3121 virquamquam
1075 3036 1111 3101 id
1134 3035 1227 3120 fecit,
1252 3040 1368 3100 tamen

195 3150 328 3237 ipsein
361 3151 524 3218 vocabulo
560 3144 687 3238 ἐπαρχὴ
723 3153 832 3218 solum
860 3152 902 3218 de
930 3152 1029 3218 donis
1052 3151 1285 3217 frumentariis
1309 3151 1367 3237 agi

196 3267 371 3333 concessit.
410 3269 488 3334 Huc
511 3268 652 3354 accedit,
677 3269 767 3355 quod
790 3269 827 3334 in
850 3270 961 3334 titulis
986 3268 1204 3334 dedicatoriis
1228 3267 1366 3334 omnino

195 3405 264 3448 non
286 3384 422 3470 legitur.
467 3384 580 3449 Aliter
595 3407 648 3450 res
673 3408 708 3450 se
732 3384 834 3450 habet
858 3385 900 3450 de
922 3386 1085 3452 vocabulo
1109 3374 1252 3470 ἆπαρχή.
1291 3384 1367 3448 Ηο0

196 3505 231 3563 01
253 3500 450 3586 saepissime
484 3499 660 3565 invenitur
694 3507 728 3566 et
763 3501 913 3568 cuiusvis
949 3502 1076 3588 speciei
1107 3501 1256 3568 donariis
1289 3507 1367 3587 post

196 3614 323 3681 factum
347 3615 468 3682 dicatis
476 3612 502 3700 4)
526 3616 732 3682 vindicatur.
780 3617 849 3683 Sed
872 3618 931 3704 qui
954 3618 1110 3684 terminis
1134 3616 1249 3682 studet
1272 3615 1366 3682 tech-

195 3849 407 3856 ——-—..-.-.

303 4006 329 4078 1)
347 4008 488 4079 Magnum
507 4009 597 4080 igitur
615 4027 767 4064 numerum
788 4010 981 4077 donariorum,
999 4029 1121 4081 quorum
1140 4009 1252 4065 occasio
1271 4015 1367 4080 potest

195 4097 273 4151 nullo
293 4097 430 4168 explicari
448 4098 542 4168 modo,
560 4099 748 4171 praetermisi.

301 4203 329 4275 2)
348 4206 453 4260 Bullet.
474 4207 543 4261 1883
561 4226 588 4278 p.
608 4207 669 4261 397.

302 4311 329 4383 3)
349 4312 392 4369 Of.
412 4331 489 4368 vccc.
511 4303 624 4366 ducerer
644 4315 809 4368 01ἒποικοι.

301 4418 330 4487 4)
349 4419 416 4475 Sive
434 4419 494 4476 vim
513 4421 600 4476 habat
619 4421 782 4493 propiorem
800 4421 994 4493 primitiarum
1015 4421 1062 4492 (cf.
1076 4422 1182 4478 Herod.
1196 4423 1218 4492 1,
1238 4425 1285 4489 92)
1305 4423 1367 4478 sive

196 4505 330 4561 latiorem
349 4509 488 4564 donorum
509 4510 674 4582 (cf.Eu1ip.
694 4511 783 4568 Andr.
806 4513 876 4578 150).
