3134 4958
766 315 985 379 ..⁶28-

289 524 394 612 lum1)
417 553 567 615 unquam
601 529 781 594 anathema
816 529 858 594 ob
892 528 975 594 belli
1010 527 1220 593 occasionem
1256 527 1373 593 datum
1397 533 1461 592 est.

293 645 384 722 Quin
408 646 511 710 etiam
534 651 627 711 extat
654 646 789 730 titulus,
819 646 857 722 in
885 668 951 731 quo
980 644 1123 709 victoria
1151 644 1346 709 nominatur
1370 634 1466 727 ἔργον

284 747 418 845 ’Ἀρηοςε
442 761 666 827 nihilominus
689 761 809 848 tripus,
834 760 875 826 de
900 784 965 846 quo
991 760 1114 845 agitur,
1135 759 1211 825 Iovi
1231 749 1427 843 Ἐλευθερίῳ
1436 755 1462 839 2)

290 882 513 942 consecratur.
552 877 709 964 Denique
733 877 909 943 cuiusnam
932 877 1068 964 generis
1091 876 1220 942 fuerint
1244 876 1463 940 anathemata

289 992 550 1058 consideremus.
598 994 825 1060 Occurrerunt
852 992 952 1059 nobis
979 1015 1033 1057 res
1057 1000 1092 1057 et
1114 991 1300 1058 vilissimae
1325 998 1359 1056 et
1382 1014 1459 1078 pre-

291 1108 508 1174 tiosissimae:
542 1109 657 1196 clipei,
690 1109 829 1194 loricae,
864 1109 995 1195 galeae,
1029 1131 1134 1192 arma,
1170 1114 1209 1173 ut
1244 1107 1459 1194 complectar,

292 1224 441 1290 cuiusvis
477 1224 616 1311 speciei,
650 1247 805 1311 coronae,
829 1224 989 1312 tripodes,
1014 1223 1148 1289 tabulae
1171 1223 1292 1310 pictae,
1318 1229 1460 1307 statuae,

291 1362 393 1426 opera
416 1341 552 1405 maioris
576 1340 812 1427 amplitudinis
829 1341 971 1428 sculpta,
988 1340 1149 1424 thesauri,
1173 1340 1310 1426 templa.
1351 1338 1461 1404 Accu-

292 1456 398 1522 ratius
422 1456 459 1521 in
482 1456 570 1521 hanc
593 1479 666 1521 rem
681 1456 863 1542 inquisivit
885 1458 926 1522 E.
943 1451 1125 1541 0111111133),
1150 1455 1210 1541 qui
1232 1478 1359 1540 genera
1382 1478 1463 1519 ana-

290 1572 479 1640 thematum
502 1573 623 1638 statuit
647 1579 820 1659 quattuor,
848 1573 1009 1658 respicias
1037 1572 1142 1637 velim
1165 1571 1267 1636 huius
1290 1571 1358 1636 viri
1382 1570 1462 1636 doc-

290 1687 417 1754 tissimi
432 1689 717 1754 dissertationem.
756 1688 927 1775 Equidem
942 1689 1005 1754 hoc
1020 1689 1093 1753 loco
1117 1686 1159 1752 de
1175 1687 1333 1774 operibus
1350 1687 1463 1774 sculp-

290 1805 336 1871 tis
365 1811 400 1870 et
432 1804 535 1892 pictis
567 1804 716 1890 tabulis,
745 1813 911 1890 quatenus
941 1827 1074 1891 pugnas
1106 1803 1204 1869 nobis
1233 1811 1313 1869 ante
1348 1804 1463 1869 oculos

290 1927 551 2008 proposuerunt,
578 1944 686 2008 pauca
709 1920 840 1986 addam.
888 1920 1035 2006 Operum
1059 1921 1268 2007 sculptorum
1291 1918 1462 1986 dedicatio

290 2059 367 2102 cum
390 2038 557 2103 vetustior
591 2038 651 2123 sit,
689 2038 835 2124 priorem
870 2037 1022 2102 obtineat
1049 2037 1170 2101 locum.
1217 2037 1272 2101 Ex
1294 2036 1348 2100 his
1372 2035 1461 2100 anti-

290 2153 491 2238 quissimum
514 2153 604 2239 quod
627 2154 804 2218 attulimus
833 2153 1025 2239 exemplum
1059 2175 1087 2218 c.
1115 2175 1205 2218 anno
1229 2153 1296 2216 550
1322 2175 1351 2216 a.
1381 2151 1460 2217 Ohr.

290 2268 407 2334 debuit
430 2269 584 2334 attribui:
606 2271 772 2334 Hercules
801 2276 835 2333 et
857 2268 1027 2334 Achelous
1052 2268 1348 2355 conspiciebantur
1376 2290 1461 2354 pug-

291 2390 422 2451 nantes
469 2385 584 2470 Atque
618 2385 693 2472 pari
728 2385 828 2450 modo
853 2391 964 2450 cetera
995 2407 1096 2471 opera
1128 2407 1182 2450 res
1218 2408 1236 2449 e
1264 2383 1461 2470 mythorum

289 2507 400 2566 aetate
424 2501 639 2588 depromptas
664 2500 836 2585 exhibent,
854 2500 995 2565 cumdii
1018 2501 1202 2586 heroesque
1218 2500 1317 2566 modo
1338 2500 1462 2565 acriter

289 2623 444 2702 pugnant
471 2616 570 2682 modo
598 2623 720 2702 parant
754 2617 920 2704 proelium
953 2616 1052 2681 modo
1087 2616 1236 2703 placidos
1261 2616 1461 2702 quietosque

291 2755 327 2798 se
350 2733 522 2820 praebent.
568 2732 746 2798 Interdum
769 2755 845 2798 cum
869 2733 935 2798 diis
958 2732 1184 2818 heroibusque
1207 2733 1275 2798 viri
1298 2732 1460 2798 historiae

289 2849 357 2914 fide
391 2849 466 2914 noti
500 2849 725 2914 inveniuntur
759 2849 950 2914 commixti:
978 2849 1140 2914 lectorem
1164 2848 1328 2914 admoneo
1352 2847 1456 2913 Milti-

292 2965 365 3030 adis
390 2965 597 3051 heroumque
617 2964 810 3031 Atticorum
830 2973 864 3031 et
891 2964 1063 3052 Lysandri
1086 2965 1228 3030 aliorum
1256 2964 1457 3050 deorumque

290 3082 435 3146 illorum.
496 3081 562 3146 Ars
595 3081 703 3168 igitur
748 3082 910 3146 statuaria
948 3078 998 3163 (id
1032 3080 1119 3144 mihi
1168 3080 1280 3145 dicere
1330 3077 1460 3162 licebit)

292 3197 569 3285 quotiescumque
585 3198 699 3284 agitur
715 3197 757 3262 de
773 3191 1063 3284 symplegmatis4)
1079 3196 1116 3261 in
1130 3197 1284 3282 personis
1300 3195 1466 3282 mythicis·

292 3510 505 3520 ...-.--——--—

400 3721 427 3793 l)
447 3721 502 3776 Illa
530 3721 607 3777 enim
633 3720 737 3775 Martis
756 3725 854 3776 statua
873 3739 960 3792 supra
986 3719 1069 3776 initio
1098 3720 1186 3774 allata
1209 3719 1256 3774 hic
1280 3737 1381 3776 revere
1400 3719 1464 3775 vin-

293 3811 383 3866 dicari
400 3829 459 3866 non
477 3817 582 3883 potest.

398 3935 426 4007 2)
446 3937 524 3992 Plut.
543 3936 631 3992 Arist.
653 3937 694 3992 19.
716 3967 747 3974 -
771 3935 869 3990 Simile
888 3935 1032 4006 quoddam
1050 3935 1129 3991 valet
1147 3935 1182 3990 de
1201 3937 1386 3991 anathemate
1405 3933 1463 4006 pri-

292 4031 375 4083 vato:
393 4026 530 4098 intellego
548 4026 748 4097 Hegelochum
766 4022 982 4094 Atheniensem,
1009 4024 1058 4096 qui
1076 4029 1204 4078 statuam
1222 4042 1305 4078 suam
1322 4029 1464 4096 tanquam

292 4115 390 4188 μνῆμα
409 4110 502 4168 πόνων
517 4106 608 4186 Ἄρηος
626 4114 740 4170 dedicat
757 4113 906 4169 Minervae
926 4112 967 4184 (O.
986 4113 1015 4168 J.
1035 4113 1068 4169 A.
1088 4115 1112 4181 I,
1131 4112 1204 4184 374).

399 4239 427 4311 3)
446 4241 464 4296 l.
483 4240 502 4294 1.
520 4260 547 4312 p.
567 4241 620 4294 363
639 4258 699 4311 sqq.

406 4367 434 4435 4)
453 4366 511 4420 Pro
529 4365 670 4421 vocabulo
690 4364 834 4420 Germano
855 4363 1122 4436 „Gruppe“'Latini
1140 4362 1247 4418 habent
1265 4381 1324 4418 non
1343 4364 1464 4419 vocabu-

296 4456 368 4511 lum:
389 4452 612 4527 „symplegma“,
631 4454 707 4524 quod
725 4453 803 4525 apud
821 4449 948 4508 Plinium
967 4452 1005 4520 (h.
1017 4471 1044 4506 n.
1055 4453 1194 4522 XXXVI,
1214 4453 1239 4522 5,
1252 4453 1295 4508 24.
1308 4451 1355 4524 35)
1374 4458 1463 4522 extat,
