<?xml version="1.0" encoding="UTF-8"?>
<!DOCTYPE html PUBLIC "-//W3C//DTD XHTML 1.0 Transitional//EN"
    "http://www.w3.org/TR/xhtml1/DTD/xhtml1-transitional.dtd">
<html xmlns="http://www.w3.org/1999/xhtml" xml:lang="en" lang="en">
 <head>
  <title>
</title>
<meta http-equiv="Content-Type" content="text/html;charset=utf-8" />
  <meta name='ocr-system' content='tesseract 3.04.00' />
  <meta name='ocr-capabilities' content='ocr_page ocr_carea ocr_par ocr_line ocrx_word'/>
</head>
<body>
  <div class='ocr_page' id='page_1' title='image "./deanathematisgr00ziemgoog_0049.png"; bbox 0 0 3134 4958; ppageno 0'>
   <div class='ocr_carea' id='block_1_1' title="bbox 670 286 888 350">
    <p class='ocr_par' dir='ltr' id='par_1_1' title="bbox 670 286 888 350">
     <span class='ocr_line' id='line_1_1' title="bbox 670 286 888 350; baseline 0.005 -18"><span class='ocrx_word' id='word_1_1' title='bbox 670 286 888 350; x_wconf 66' lang='lat'>..40-</span> 
     </span>
    </p>
   </div>
   <div class='ocr_carea' id='block_1_2' title="bbox 193 499 1366 3720">
    <p class='ocr_par' dir='ltr' id='par_1_2' title="bbox 194 499 1365 934">
     <span class='ocr_line' id='line_1_2' title="bbox 195 499 1364 585; baseline -0.003 -18"><span class='ocrx_word' id='word_1_2' title='bbox 195 500 257 567; x_wconf 89' lang='lat' dir='ltr'><strong>bus</strong></span> <span class='ocrx_word' id='word_1_3' title='bbox 292 500 362 566; x_wconf 91' lang='lat' dir='ltr'><strong>suis</strong></span> <span class='ocrx_word' id='word_1_4' title='bbox 397 499 550 566; x_wconf 88' lang='lat' dir='ltr'><strong>solebant</strong></span> <span class='ocrx_word' id='word_1_5' title='bbox 582 499 757 564; x_wconf 87' lang='lat' dir='ltr'><strong>redimere.</strong></span> <span class='ocrx_word' id='word_1_6' title='bbox 804 500 858 565; x_wconf 86' lang='lat' dir='ltr'><strong>lta</strong></span> <span class='ocrx_word' id='word_1_7' title='bbox 891 500 1019 565; x_wconf 84' lang='lat' dir='ltr'><strong>factum</strong></span> <span class='ocrx_word' id='word_1_8' title='bbox 1042 505 1103 585; x_wconf 90' lang='lat' dir='ltr'><strong>est,</strong></span> <span class='ocrx_word' id='word_1_9' title='bbox 1127 506 1166 565; x_wconf 91' lang='lat' dir='ltr'><strong>ut</strong></span> <span class='ocrx_word' id='word_1_10' title='bbox 1187 500 1364 585; x_wconf 89' lang='lat' dir='ltr'><strong>paullatim</strong></span> 
     </span>
     <span class='ocr_line' id='line_1_3' title="bbox 194 610 1365 702; baseline -0.002 -20"><span class='ocrx_word' id='word_1_11' title='bbox 194 615 255 682; x_wconf 75' lang='lat' dir='ltr'><strong>vix</strong></span> <span class='ocrx_word' id='word_1_12' title='bbox 281 615 466 702; x_wconf 79' lang='lat' dir='ltr'><strong>quidquam</strong></span> <span class='ocrx_word' id='word_1_13' title='bbox 494 621 625 680; x_wconf 87' lang='lat' dir='ltr'><strong>statuae</strong></span> <span class='ocrx_word' id='word_1_14' title='bbox 652 622 767 702; x_wconf 92' lang='lat' dir='ltr'><strong>posset</strong></span> <span class='ocrx_word' id='word_1_15' title='bbox 802 617 969 701; x_wconf 87' lang='lat' dir='ltr'><strong>cognosci.</strong></span> <span class='ocrx_word' id='word_1_16' title='bbox 978 610 1002 695; x_wconf 87' lang='lat'><strong>1)</strong></span> <span class='ocrx_word' id='word_1_17' title='bbox 1051 614 1230 681; x_wconf 88' lang='lat' dir='ltr'><strong>Accedunt</strong></span> <span class='ocrx_word' id='word_1_18' title='bbox 1263 616 1365 680; x_wconf 90' lang='lat' dir='ltr'><strong>multi</strong></span> 
     </span>
     <span class='ocr_line' id='line_1_4' title="bbox 195 731 1365 818; baseline -0.001 -22"><span class='ocrx_word' id='word_1_19' title='bbox 195 732 299 817; x_wconf 91' lang='lat' dir='ltr'><strong>tituli,</strong></span> <span class='ocrx_word' id='word_1_20' title='bbox 322 732 382 798; x_wconf 92' lang='lat' dir='ltr'><strong>ubi</strong></span> <span class='ocrx_word' id='word_1_21' title='bbox 404 755 424 797; x_wconf 92' lang='lat' dir='ltr'><strong>a</strong></span> <span class='ocrx_word' id='word_1_22' title='bbox 446 731 645 797; x_wconf 89' lang='lat' dir='ltr'><strong>mulieribus</strong></span> <span class='ocrx_word' id='word_1_23' title='bbox 669 731 797 817; x_wconf 90' lang='lat' dir='ltr'><strong>aliquid</strong></span> <span class='ocrx_word' id='word_1_24' title='bbox 813 732 975 817; x_wconf 88' lang='lat' dir='ltr'><strong>Ilithyiae</strong></span> <span class='ocrx_word' id='word_1_25' title='bbox 996 738 1054 797; x_wconf 89' lang='lat' dir='ltr'><strong>aut</strong></span> <span class='ocrx_word' id='word_1_26' title='bbox 1069 732 1240 818; x_wconf 88' lang='lat' dir='ltr'><strong>Hygieiae</strong></span> <span class='ocrx_word' id='word_1_27' title='bbox 1257 731 1365 797; x_wconf 87' lang='lat' dir='ltr'><strong>dicari</strong></span> 
     </span>
     <span class='ocr_line' id='line_1_5' title="bbox 194 844 1256 934; baseline -0.001 -21"><span class='ocrx_word' id='word_1_28' title='bbox 194 848 353 934; x_wconf 87' lang='lat' dir='ltr'><strong>legimus;</strong></span> <span class='ocrx_word' id='word_1_29' title='bbox 376 847 414 912; x_wconf 93' lang='lat' dir='ltr'><strong>hi</strong></span> <span class='ocrx_word' id='word_1_30' title='bbox 437 848 531 913; x_wconf 84' lang='lat' dir='ltr'><strong>tituli</strong></span> <span class='ocrx_word' id='word_1_31' title='bbox 553 849 751 934; x_wconf 88' lang='lat' dir='ltr'><strong>plerumque</strong></span> <span class='ocrx_word' id='word_1_32' title='bbox 774 848 811 913; x_wconf 91' lang='lat' dir='ltr'><strong>in</strong></span> <span class='ocrx_word' id='word_1_33' title='bbox 835 849 967 934; x_wconf 86' lang='lat' dir='ltr'><strong>ectypis</strong></span> <span class='ocrx_word' id='word_1_34' title='bbox 991 848 1223 913; x_wconf 89' lang='lat' dir='ltr'><strong>inveniuntur.</strong></span> <span class='ocrx_word' id='word_1_35' title='bbox 1232 844 1256 927; x_wconf 79' lang='lat'><strong>2)</strong></span> 
     </span>
    </p>

    <p class='ocr_par' dir='ltr' id='par_1_3' title="bbox 193 963 1366 3720">
     <span class='ocr_line' id='line_1_6' title="bbox 301 963 1364 1050; baseline 0.001 -22"><span class='ocrx_word' id='word_1_36' title='bbox 301 965 343 1029; x_wconf 92' lang='lat' dir='ltr'><strong>In</strong></span> <span class='ocrx_word' id='word_1_37' title='bbox 370 963 439 1029; x_wconf 91' lang='lat' dir='ltr'><strong>fine</strong></span> <span class='ocrx_word' id='word_1_38' title='bbox 466 964 567 1029; x_wconf 92' lang='lat' dir='ltr'><strong>huius</strong></span> <span class='ocrx_word' id='word_1_39' title='bbox 594 964 701 1050; x_wconf 88' lang='lat' dir='ltr'><strong>partis</strong></span> <span class='ocrx_word' id='word_1_40' title='bbox 731 964 945 1029; x_wconf 90' lang='lat' dir='ltr'><strong>anathemata</strong></span> <span class='ocrx_word' id='word_1_41' title='bbox 968 972 1272 1029; x_wconf 73' lang='lat' dir='ltr'><strong>commemorentur</strong></span> <span class='ocrx_word' id='word_1_42' title='bbox 1294 987 1364 1029; x_wconf 90' lang='lat' dir='ltr'><strong>me·</strong></span> 
     </span>
     <span class='ocr_line' id='line_1_7' title="bbox 194 1079 1364 1166; baseline -0.001 -20"><span class='ocrx_word' id='word_1_43' title='bbox 194 1080 365 1146; x_wconf 89' lang='lat' dir='ltr'><strong>retricum.</strong></span> <span class='ocrx_word' id='word_1_44' title='bbox 400 1081 576 1165; x_wconf 89' lang='lat' dir='ltr'><strong>Polyxena</strong></span> <span class='ocrx_word' id='word_1_45' title='bbox 597 1079 761 1166; x_wconf 82' lang='lat' dir='ltr'><strong>quaedam</strong></span> <span class='ocrx_word' id='word_1_46' title='bbox 778 1081 952 1166; x_wconf 88' lang='lat' dir='ltr'><strong>speculum</strong></span> <span class='ocrx_word' id='word_1_47' title='bbox 971 1081 1048 1146; x_wconf 82' lang='lat' dir='ltr'><strong>Iovi</strong></span> <span class='ocrx_word' id='word_1_48' title='bbox 1063 1079 1235 1145; x_wconf 85' lang='lat' dir='ltr'><strong>dedicavit</strong></span> <span class='ocrx_word' id='word_1_49' title='bbox 1250 1080 1364 1145; x_wconf 88' lang='lat' dir='ltr'><strong>Dodo-</strong></span> 
     </span>
     <span class='ocr_line' id='line_1_8' title="bbox 195 1190 1365 1282; baseline 0.001 -22"><span class='ocrx_word' id='word_1_50' title='bbox 195 1190 324 1279; x_wconf 64' lang='lat' dir='ltr'><strong>naeol)</strong></span> <span class='ocrx_word' id='word_1_51' title='bbox 387 1195 597 1282; x_wconf 80' lang='lat' dir='ltr'><strong>Quamquam</strong></span> <span class='ocrx_word' id='word_1_52' title='bbox 638 1201 752 1260; x_wconf 89' lang='lat' dir='ltr'><strong>autem</strong></span> <span class='ocrx_word' id='word_1_53' title='bbox 791 1196 854 1261; x_wconf 90' lang='lat' dir='ltr'><strong>hoc</strong></span> <span class='ocrx_word' id='word_1_54' title='bbox 891 1218 997 1260; x_wconf 91' lang='lat' dir='ltr'><strong>unum</strong></span> <span class='ocrx_word' id='word_1_55' title='bbox 1035 1197 1227 1282; x_wconf 86' lang='lat' dir='ltr'><strong>exemplum</strong></span> <span class='ocrx_word' id='word_1_56' title='bbox 1264 1197 1365 1261; x_wconf 90' lang='lat' dir='ltr'><strong>titulo</strong></span> 
     </span>
     <span class='ocr_line' id='line_1_9' title="bbox 194 1310 1366 1398; baseline -0.001 -20"><span class='ocrx_word' id='word_1_57' title='bbox 194 1317 326 1398; x_wconf 88' lang='lat' dir='ltr'><strong>reperto</strong></span> <span class='ocrx_word' id='word_1_58' title='bbox 349 1318 467 1377; x_wconf 93' lang='lat' dir='ltr'><strong>notum</strong></span> <span class='ocrx_word' id='word_1_59' title='bbox 490 1312 588 1377; x_wconf 92' lang='lat' dir='ltr'><strong>nobis</strong></span> <span class='ocrx_word' id='word_1_60' title='bbox 613 1318 674 1396; x_wconf 87' lang='lat' dir='ltr'><strong>est,</strong></span> <span class='ocrx_word' id='word_1_61' title='bbox 699 1335 826 1377; x_wconf 89' lang='lat' dir='ltr'><strong>morem</strong></span> <span class='ocrx_word' id='word_1_62' title='bbox 843 1312 977 1398; x_wconf 89' lang='lat' dir='ltr'><strong>specula</strong></span> <span class='ocrx_word' id='word_1_63' title='bbox 1001 1310 1064 1376; x_wconf 88' lang='lat' dir='ltr'><strong>deo</strong></span> <span class='ocrx_word' id='word_1_64' title='bbox 1085 1319 1142 1376; x_wconf 90' lang='lat' dir='ltr'><strong>aut</strong></span> <span class='ocrx_word' id='word_1_65' title='bbox 1163 1312 1245 1376; x_wconf 86' lang='lat' dir='ltr'><strong>deae</strong></span> <span class='ocrx_word' id='word_1_66' title='bbox 1262 1312 1366 1378; x_wconf 87' lang='lat' dir='ltr'><strong>alicui</strong></span> 
     </span>
     <span class='ocr_line' id='line_1_10' title="bbox 196 1426 1366 1515; baseline -0.002 -21"><span class='ocrx_word' id='word_1_67' title='bbox 196 1427 376 1494; x_wconf 86' lang='lat' dir='ltr'><strong>dedicandi</strong></span> <span class='ocrx_word' id='word_1_68' title='bbox 398 1428 500 1493; x_wconf 89' lang='lat' dir='ltr'><strong>latius</strong></span> <span class='ocrx_word' id='word_1_69' title='bbox 528 1427 676 1494; x_wconf 81' lang='lat' dir='ltr'><strong>valuisse</strong></span> <span class='ocrx_word' id='word_1_70' title='bbox 704 1451 902 1515; x_wconf 84' lang='lat' dir='ltr'><strong>persuasum</strong></span> <span class='ocrx_word' id='word_1_71' title='bbox 935 1426 1022 1493; x_wconf 91' lang='lat' dir='ltr'><strong>mihi</strong></span> <span class='ocrx_word' id='word_1_72' title='bbox 1054 1433 1115 1493; x_wconf 88' lang='lat' dir='ltr'><strong>est.</strong></span> <span class='ocrx_word' id='word_1_73' title='bbox 1173 1428 1288 1512; x_wconf 82' lang='lat' dir='ltr'><strong>Atque</strong></span> <span class='ocrx_word' id='word_1_74' title='bbox 1324 1451 1366 1492; x_wconf 90' lang='lat' dir='ltr'><strong>ex</strong></span> 
     </span>
     <span class='ocr_line' id='line_1_11' title="bbox 195 1539 1364 1631; baseline -0.002 -21"><span class='ocrx_word' id='word_1_75' title='bbox 195 1543 450 1631; x_wconf 82' lang='lat' dir='ltr'><strong>epigrammatis</strong></span> <span class='ocrx_word' id='word_1_76' title='bbox 492 1545 680 1628; x_wconf 81' lang='lat' dir='ltr'><strong>nonnullis,</strong></span> <span class='ocrx_word' id='word_1_77' title='bbox 725 1565 809 1629; x_wconf 90' lang='lat' dir='ltr'><strong>quae</strong></span> <span class='ocrx_word' id='word_1_78' title='bbox 852 1544 890 1608; x_wconf 93' lang='lat' dir='ltr'><strong>in</strong></span> <span class='ocrx_word' id='word_1_79' title='bbox 926 1542 1136 1627; x_wconf 84' lang='lat' dir='ltr'><strong>Anthologia</strong></span> <span class='ocrx_word' id='word_1_80' title='bbox 1173 1539 1364 1629; x_wconf 61' lang='lat' dir='ltr'><strong>legimusl),</strong></span> 
     </span>
     <span class='ocr_line' id='line_1_12' title="bbox 194 1660 1364 1747; baseline 0 -22"><span class='ocrx_word' id='word_1_81' title='bbox 194 1666 307 1746; x_wconf 85' lang='lat' dir='ltr'><strong>potest</strong></span> <span class='ocrx_word' id='word_1_82' title='bbox 330 1660 448 1744; x_wconf 90' lang='lat' dir='ltr'><strong>conici,</strong></span> <span class='ocrx_word' id='word_1_83' title='bbox 473 1661 668 1725; x_wconf 72' lang='lat' dir='ltr'><strong>meretrices</strong></span> <span class='ocrx_word' id='word_1_84' title='bbox 692 1661 865 1747; x_wconf 88' lang='lat' dir='ltr'><strong>speculum</strong></span> <span class='ocrx_word' id='word_1_85' title='bbox 888 1683 1000 1744; x_wconf 89' lang='lat' dir='ltr'><strong>suum,</strong></span> <span class='ocrx_word' id='word_1_86' title='bbox 1026 1682 1092 1745; x_wconf 92' lang='lat' dir='ltr'><strong>quo</strong></span> <span class='ocrx_word' id='word_1_87' title='bbox 1116 1667 1224 1725; x_wconf 90' lang='lat' dir='ltr'><strong>semet</strong></span> <span class='ocrx_word' id='word_1_88' title='bbox 1247 1660 1364 1726; x_wconf 89' lang='lat' dir='ltr'><strong>crebro</strong></span> 
     </span>
     <span class='ocr_line' id='line_1_13' title="bbox 195 1776 1365 1862; baseline -0.002 -20"><span class='ocrx_word' id='word_1_89' title='bbox 195 1777 442 1862; x_wconf 70' lang='lat' dir='ltr'><strong>contemplatae</strong></span> <span class='ocrx_word' id='word_1_90' title='bbox 477 1781 587 1860; x_wconf 89' lang='lat' dir='ltr'><strong>erant,</strong></span> <span class='ocrx_word' id='word_1_91' title='bbox 624 1776 791 1842; x_wconf 89' lang='lat' dir='ltr'><strong>exstincta</strong></span> <span class='ocrx_word' id='word_1_92' title='bbox 824 1782 1005 1841; x_wconf 87' lang='lat' dir='ltr'><strong>venustate</strong></span> <span class='ocrx_word' id='word_1_93' title='bbox 1040 1800 1078 1841; x_wconf 91' lang='lat' dir='ltr'><strong>ac</strong></span> <span class='ocrx_word' id='word_1_94' title='bbox 1110 1776 1365 1862; x_wconf 84' lang='lat' dir='ltr'><strong>pulchritudine</strong></span> 
     </span>
     <span class='ocr_line' id='line_1_14' title="bbox 195 1891 1365 1979; baseline -0.002 -22"><span class='ocrx_word' id='word_1_95' title='bbox 195 1891 281 1976; x_wconf 90' lang='lat' dir='ltr'><strong>deis,</strong></span> <span class='ocrx_word' id='word_1_96' title='bbox 312 1891 370 1977; x_wconf 91' lang='lat' dir='ltr'><strong>qui</strong></span> <span class='ocrx_word' id='word_1_97' title='bbox 394 1915 449 1957; x_wconf 87' lang='lat' dir='ltr'><strong>eas</strong></span> <span class='ocrx_word' id='word_1_98' title='bbox 473 1891 707 1978; x_wconf 89' lang='lat' dir='ltr'><strong>impertissent</strong></span> <span class='ocrx_word' id='word_1_99' title='bbox 730 1891 811 1976; x_wconf 89' lang='lat' dir='ltr'><strong>sibi,</strong></span> <span class='ocrx_word' id='word_1_100' title='bbox 835 1891 1010 1958; x_wconf 81' lang='lat' dir='ltr'><strong>dedicasse</strong></span> <span class='ocrx_word' id='word_1_101' title='bbox 1034 1898 1092 1957; x_wconf 90' lang='lat' dir='ltr'><strong>aut</strong></span> <span class='ocrx_word' id='word_1_102' title='bbox 1114 1893 1228 1979; x_wconf 87' lang='lat' dir='ltr'><strong>potius</strong></span> <span class='ocrx_word' id='word_1_103' title='bbox 1251 1892 1365 1956; x_wconf 89' lang='lat' dir='ltr'><strong>reddi-</strong></span> 
     </span>
     <span class='ocr_line' id='line_1_15' title="bbox 195 2007 1365 2094; baseline 0 -22"><span class='ocrx_word' id='word_1_104' title='bbox 195 2007 295 2072; x_wconf 83' lang='lat' dir='ltr'><strong>disse.</strong></span> <span class='ocrx_word' id='word_1_105' title='bbox 352 2009 420 2072; x_wconf 89' lang='lat' dir='ltr'><strong>Per</strong></span> <span class='ocrx_word' id='word_1_106' title='bbox 453 2031 489 2072; x_wconf 87' lang='lat' dir='ltr'><strong>so</strong></span> <span class='ocrx_word' id='word_1_107' title='bbox 523 2014 618 2094; x_wconf 88' lang='lat' dir='ltr'><strong>patet</strong></span> <span class='ocrx_word' id='word_1_108' title='bbox 652 2009 850 2094; x_wconf 83' lang='lat' dir='ltr'><strong>plerumque</strong></span> <span class='ocrx_word' id='word_1_109' title='bbox 873 2009 1043 2074; x_wconf 88' lang='lat' dir='ltr'><strong>Venerem</strong></span> <span class='ocrx_word' id='word_1_110' title='bbox 1072 2009 1132 2073; x_wconf 88' lang='lat' dir='ltr'><strong>illo</strong></span> <span class='ocrx_word' id='word_1_111' title='bbox 1167 2008 1255 2073; x_wconf 89' lang='lat' dir='ltr'><strong>dono</strong></span> <span class='ocrx_word' id='word_1_112' title='bbox 1291 2031 1365 2073; x_wconf 90' lang='lat' dir='ltr'><strong>esse</strong></span> 
     </span>
     <span class='ocr_line' id='line_1_16' title="bbox 195 2111 1365 2209; baseline -0.002 -20"><span class='ocrx_word' id='word_1_113' title='bbox 195 2124 364 2190; x_wconf 87' lang='lat' dir='ltr'><strong>donatam.</strong></span> <span class='ocrx_word' id='word_1_114' title='bbox 417 2125 594 2209; x_wconf 84' lang='lat' dir='ltr'><strong>Polyxena</strong></span> <span class='ocrx_word' id='word_1_115' title='bbox 620 2130 734 2189; x_wconf 91' lang='lat' dir='ltr'><strong>autem</strong></span> <span class='ocrx_word' id='word_1_116' title='bbox 761 2124 821 2188; x_wconf 91' lang='lat' dir='ltr'><strong>illa</strong></span> <span class='ocrx_word' id='word_1_117' title='bbox 848 2130 906 2188; x_wconf 88' lang='lat' dir='ltr'><strong>aut</strong></span> <span class='ocrx_word' id='word_1_118' title='bbox 932 2146 1036 2209; x_wconf 92' lang='lat' dir='ltr'><strong>prope</strong></span> <span class='ocrx_word' id='word_1_119' title='bbox 1063 2111 1241 2189; x_wconf 90' lang='lat' dir='ltr'><strong>Dodonam</strong></span> <span class='ocrx_word' id='word_1_120' title='bbox 1268 2124 1365 2190; x_wconf 92' lang='lat' dir='ltr'><strong>habi-</strong></span> 
     </span>
     <span class='ocr_line' id='line_1_17' title="bbox 194 2239 1365 2326; baseline -0.001 -21"><span class='ocrx_word' id='word_1_121' title='bbox 194 2241 283 2307; x_wconf 82' lang='lat' dir='ltr'><strong>tavit</strong></span> <span class='ocrx_word' id='word_1_122' title='bbox 310 2248 369 2307; x_wconf 91' lang='lat' dir='ltr'><strong>aut</strong></span> <span class='ocrx_word' id='word_1_123' title='bbox 397 2263 436 2306; x_wconf 88' lang='lat' dir='ltr'><strong>eo</strong></span> <span class='ocrx_word' id='word_1_124' title='bbox 459 2239 653 2310; x_wconf 89' lang='lat' dir='ltr'><strong>iactationis</strong></span> <span class='ocrx_word' id='word_1_125' title='bbox 677 2245 899 2326; x_wconf 86' lang='lat' dir='ltr'><strong>processerat,</strong></span> <span class='ocrx_word' id='word_1_126' title='bbox 934 2247 973 2305; x_wconf 92' lang='lat' dir='ltr'><strong>ut</strong></span> <span class='ocrx_word' id='word_1_127' title='bbox 1007 2240 1220 2304; x_wconf 88' lang='lat' dir='ltr'><strong>innumero</strong></span> <span class='ocrx_word' id='word_1_128' title='bbox 1249 2263 1365 2305; x_wconf 90' lang='lat' dir='ltr'><strong>eorum</strong></span> 
     </span>
     <span class='ocr_line' id='line_1_18' title="bbox 195 2355 1366 2443; baseline -0.002 -21"><span class='ocrx_word' id='word_1_129' title='bbox 195 2356 253 2442; x_wconf 91' lang='lat' dir='ltr'><strong>qui</strong></span> <span class='ocrx_word' id='word_1_130' title='bbox 281 2358 447 2443; x_wconf 90' lang='lat' dir='ltr'><strong>templum</strong></span> <span class='ocrx_word' id='word_1_131' title='bbox 474 2356 560 2421; x_wconf 91' lang='lat' dir='ltr'><strong>illud</strong></span> <span class='ocrx_word' id='word_1_132' title='bbox 587 2357 805 2421; x_wconf 86' lang='lat' dir='ltr'><strong>sacerrimum</strong></span> <span class='ocrx_word' id='word_1_133' title='bbox 831 2355 1083 2442; x_wconf 89' lang='lat' dir='ltr'><strong>locupletabant</strong></span> <span class='ocrx_word' id='word_1_134' title='bbox 1115 2356 1213 2422; x_wconf 91' lang='lat' dir='ltr'><strong>donis</strong></span> <span class='ocrx_word' id='word_1_135' title='bbox 1246 2356 1366 2422; x_wconf 89' lang='lat' dir='ltr'><strong>haberi</strong></span> 
     </span>
     <span class='ocr_line' id='line_1_19' title="bbox 194 2472 1365 2559; baseline -0.002 -21"><span class='ocrx_word' id='word_1_136' title='bbox 194 2473 308 2539; x_wconf 87' lang='lat' dir='ltr'><strong>vellet.</strong></span> <span class='ocrx_word' id='word_1_137' title='bbox 341 2473 460 2558; x_wconf 88' lang='lat' dir='ltr'><strong>Neque</strong></span> <span class='ocrx_word' id='word_1_138' title='bbox 476 2479 591 2537; x_wconf 90' lang='lat' dir='ltr'><strong>autem</strong></span> <span class='ocrx_word' id='word_1_139' title='bbox 606 2473 713 2537; x_wconf 91' lang='lat' dir='ltr'><strong>multo</strong></span> <span class='ocrx_word' id='word_1_140' title='bbox 729 2479 806 2559; x_wconf 93' lang='lat' dir='ltr'><strong>post</strong></span> <span class='ocrx_word' id='word_1_141' title='bbox 824 2509 865 2516; x_wconf 96' lang='lat'><em>-</em></span> <span class='ocrx_word' id='word_1_142' title='bbox 882 2472 1003 2537; x_wconf 91' lang='lat' dir='ltr'><strong>titulus</strong></span> <span class='ocrx_word' id='word_1_143' title='bbox 1018 2473 1214 2557; x_wconf 87' lang='lat' dir='ltr'><strong>Polyxenae</strong></span> <span class='ocrx_word' id='word_1_144' title='bbox 1230 2472 1365 2537; x_wconf 87' lang='lat' dir='ltr'><strong>ineunti</strong></span> 
     </span>
     <span class='ocr_line' id='line_1_20' title="bbox 194 2587 1364 2672; baseline -0.002 -18"><span class='ocrx_word' id='word_1_145' title='bbox 194 2589 327 2654; x_wconf 85' lang='lat' dir='ltr'><strong>saeculo</strong></span> <span class='ocrx_word' id='word_1_146' title='bbox 351 2590 384 2654; x_wconf 88' lang='lat' dir='ltr'>V</span> <span class='ocrx_word' id='word_1_147' title='bbox 407 2612 436 2654; x_wconf 91' lang='lat' dir='ltr'><strong>a.</strong></span> <span class='ocrx_word' id='word_1_148' title='bbox 463 2588 541 2653; x_wconf 82' lang='lat' dir='ltr'><strong>Chr.</strong></span> <span class='ocrx_word' id='word_1_149' title='bbox 566 2587 802 2653; x_wconf 87' lang='lat' dir='ltr'><strong>attribuendus</strong></span> <span class='ocrx_word' id='word_1_150' title='bbox 827 2595 943 2653; x_wconf 90' lang='lat' dir='ltr'><strong>est-</strong></span> <span class='ocrx_word' id='word_1_151' title='bbox 973 2588 1113 2653; x_wconf 90' lang='lat' dir='ltr'><strong>duarum</strong></span> <span class='ocrx_word' id='word_1_152' title='bbox 1137 2589 1364 2672; x_wconf 82' lang='lat' dir='ltr'><strong>meretricum,</strong></span> 
     </span>
     <span class='ocr_line' id='line_1_21' title="bbox 196 2704 1366 2791; baseline -0.001 -22"><span class='ocrx_word' id='word_1_153' title='bbox 196 2726 337 2789; x_wconf 87' lang='lat' dir='ltr'><strong>quarum</strong></span> <span class='ocrx_word' id='word_1_154' title='bbox 352 2705 491 2770; x_wconf 87' lang='lat' dir='ltr'><strong>nomina</strong></span> <span class='ocrx_word' id='word_1_155' title='bbox 506 2712 613 2770; x_wconf 89' lang='lat' dir='ltr'><strong>totam</strong></span> <span class='ocrx_word' id='word_1_156' title='bbox 628 2727 690 2790; x_wconf 91' lang='lat' dir='ltr'><strong>per</strong></span> <span class='ocrx_word' id='word_1_157' title='bbox 706 2704 883 2770; x_wconf 76' lang='lat' dir='ltr'><strong>Graeciam</strong></span> <span class='ocrx_word' id='word_1_158' title='bbox 903 2705 1202 2791; x_wconf 88' lang='lat' dir='ltr'><strong>pervulgabantur,</strong></span> <span class='ocrx_word' id='word_1_159' title='bbox 1225 2705 1366 2769; x_wconf 86' lang='lat' dir='ltr'><strong>donaria</strong></span> 
     </span>
     <span class='ocr_line' id='line_1_22' title="bbox 195 2820 1366 2907; baseline -0.002 -21"><span class='ocrx_word' id='word_1_160' title='bbox 195 2820 363 2907; x_wconf 86' lang='lat' dir='ltr'><strong>originem</strong></span> <span class='ocrx_word' id='word_1_161' title='bbox 398 2820 577 2886; x_wconf 86' lang='lat' dir='ltr'><strong>duxerunt.</strong></span> <span class='ocrx_word' id='word_1_162' title='bbox 635 2822 723 2887; x_wconf 83' lang='lat' dir='ltr'><strong>Sunt</strong></span> <span class='ocrx_word' id='word_1_163' title='bbox 756 2820 933 2906; x_wconf 83' lang='lat' dir='ltr'><strong>Rhodopis</strong></span> <span class='ocrx_word' id='word_1_164' title='bbox 969 2827 1003 2885; x_wconf 91' lang='lat' dir='ltr'><strong>et</strong></span> <span class='ocrx_word' id='word_1_165' title='bbox 1038 2822 1238 2885; x_wconf 85' lang='lat' dir='ltr'><strong>Mnesarete.</strong></span> <span class='ocrx_word' id='word_1_166' title='bbox 1301 2821 1366 2885; x_wconf 87' lang='lat' dir='ltr'><strong>llla</strong></span> 
     </span>
     <span class='ocr_line' id='line_1_23' title="bbox 193 2931 1365 3024; baseline -0.003 -21"><span class='ocrx_word' id='word_1_167' title='bbox 193 2935 348 3023; x_wconf 87' lang='lat' dir='ltr'><strong>ApoHini</strong></span> <span class='ocrx_word' id='word_1_168' title='bbox 363 2937 540 3024; x_wconf 88' lang='lat' dir='ltr'><strong>Delphico,</strong></span> <span class='ocrx_word' id='word_1_169' title='bbox 562 2937 642 3002; x_wconf 92' lang='lat' dir='ltr'><strong>dum</strong></span> <span class='ocrx_word' id='word_1_170' title='bbox 657 2936 912 3023; x_wconf 90' lang='lat' dir='ltr'><strong>pulchritudine</strong></span> <span class='ocrx_word' id='word_1_171' title='bbox 928 2935 1079 3020; x_wconf 86' lang='lat' dir='ltr'><strong>florebat,</strong></span> <span class='ocrx_word' id='word_1_172' title='bbox 1104 2935 1213 3000; x_wconf 86' lang='lat' dir='ltr'><strong>ferrea</strong></span> <span class='ocrx_word' id='word_1_173' title='bbox 1228 2931 1365 3015; x_wconf 71' lang='lat' dir='ltr'><strong>verua5)</strong></span> 
     </span>
     <span class='ocr_line' id='line_1_24' title="bbox 195 3052 1365 3140; baseline 0 -23"><span class='ocrx_word' id='word_1_174' title='bbox 195 3052 291 3138; x_wconf 89' lang='lat' dir='ltr'><strong>quasi</strong></span> <span class='ocrx_word' id='word_1_175' title='bbox 320 3054 407 3118; x_wconf 91' lang='lat' dir='ltr'><strong>lucri</strong></span> <span class='ocrx_word' id='word_1_176' title='bbox 435 3054 638 3140; x_wconf 87' lang='lat' dir='ltr'><strong>scripturam</strong></span> <span class='ocrx_word' id='word_1_177' title='bbox 660 3052 825 3119; x_wconf 85' lang='lat' dir='ltr'><strong>tradenda</strong></span> <span class='ocrx_word' id='word_1_178' title='bbox 849 3053 990 3118; x_wconf 84' lang='lat' dir='ltr'><strong>curavit.</strong></span> <span class='ocrx_word' id='word_1_179' title='bbox 1037 3054 1243 3135; x_wconf 88' lang='lat' dir='ltr'><strong>Mnesarete,</strong></span> <span class='ocrx_word' id='word_1_180' title='bbox 1280 3074 1365 3136; x_wconf 90' lang='lat' dir='ltr'><strong>quae</strong></span> 
     </span>
     <span class='ocr_line' id='line_1_25' title="bbox 193 3167 1364 3256; baseline -0.001 -23"><span class='ocrx_word' id='word_1_181' title='bbox 193 3174 311 3254; x_wconf 88' lang='lat' dir='ltr'><strong>postea</strong></span> <span class='ocrx_word' id='word_1_182' title='bbox 334 3169 400 3234; x_wconf 89' lang='lat' dir='ltr'><strong>sibi</strong></span> <span class='ocrx_word' id='word_1_183' title='bbox 423 3169 496 3256; x_wconf 91' lang='lat' dir='ltr'><strong>ipsa</strong></span> <span class='ocrx_word' id='word_1_184' title='bbox 516 3177 654 3256; x_wconf 92' lang='lat' dir='ltr'><strong>propter</strong></span> <span class='ocrx_word' id='word_1_185' title='bbox 670 3171 832 3255; x_wconf 89' lang='lat' dir='ltr'><strong>pallorem</strong></span> <span class='ocrx_word' id='word_1_186' title='bbox 849 3191 1039 3255; x_wconf 85' lang='lat' dir='ltr'><strong>cognomen</strong></span> <span class='ocrx_word' id='word_1_187' title='bbox 1054 3168 1181 3233; x_wconf 88' lang='lat' dir='ltr'><strong>indidit</strong></span> <span class='ocrx_word' id='word_1_188' title='bbox 1196 3167 1364 3252; x_wconf 87' lang='lat' dir='ltr'><strong>Phrynes,</strong></span> 
     </span>
     <span class='ocr_line' id='line_1_26' title="bbox 194 3281 1365 3372; baseline 0 -24"><span class='ocrx_word' id='word_1_189' title='bbox 194 3306 289 3349; x_wconf 90' lang='lat' dir='ltr'><strong>suam</strong></span> <span class='ocrx_word' id='word_1_190' title='bbox 321 3284 429 3372; x_wconf 90' lang='lat' dir='ltr'><strong>ipsius</strong></span> <span class='ocrx_word' id='word_1_191' title='bbox 464 3292 611 3351; x_wconf 90' lang='lat' dir='ltr'><strong>statuam</strong></span> <span class='ocrx_word' id='word_1_192' title='bbox 645 3281 813 3369; x_wconf 66' lang='lat' dir='ltr'><strong>aureaml)</strong></span> <span class='ocrx_word' id='word_1_193' title='bbox 849 3284 1021 3349; x_wconf 88' lang='lat' dir='ltr'><strong>dedicavit</strong></span> <span class='ocrx_word' id='word_1_194' title='bbox 1055 3284 1207 3370; x_wconf 88' lang='lat' dir='ltr'><strong>Delphis.</strong></span> <span class='ocrx_word' id='word_1_195' title='bbox 1256 3285 1365 3361; x_wconf 77' lang='lat' dir='ltr'><strong>Quam</strong></span> 
     </span>
     <span class='ocr_line' id='line_1_27' title="bbox 195 3396 1365 3489; baseline 0.001 -25"><span class='ocrx_word' id='word_1_196' title='bbox 195 3406 341 3466; x_wconf 88' lang='lat' dir='ltr'><strong>statuam</strong></span> <span class='ocrx_word' id='word_1_197' title='bbox 376 3402 493 3467; x_wconf 78' lang='lat' dir='ltr'><strong>Grates</strong></span> <span class='ocrx_word' id='word_1_198' title='bbox 527 3401 749 3489; x_wconf 90' lang='lat' dir='ltr'><strong>philosophus</strong></span> <span class='ocrx_word' id='word_1_199' title='bbox 757 3396 783 3486; x_wconf 74' lang='grc'><strong>7)</strong></span> <span class='ocrx_word' id='word_1_200' title='bbox 819 3401 906 3466; x_wconf 86' lang='lat' dir='ltr'><strong>dixit</strong></span> <span class='ocrx_word' id='word_1_201' title='bbox 940 3399 1031 3465; x_wconf 91' lang='lat' dir='ltr'><strong>inter</strong></span> <span class='ocrx_word' id='word_1_202' title='bbox 1065 3423 1162 3485; x_wconf 84' lang='lat' dir='ltr'><strong>reges</strong></span> <span class='ocrx_word' id='word_1_203' title='bbox 1195 3400 1365 3486; x_wconf 90' lang='lat' dir='ltr'><strong>ducesque</strong></span> 
     </span>
     <span class='ocr_line' id='line_1_28' title="bbox 194 3515 1365 3605; baseline 0 -23"><span class='ocrx_word' id='word_1_204' title='bbox 194 3520 264 3582; x_wconf 85' lang='lat' dir='ltr'><strong>tam</strong></span> <span class='ocrx_word' id='word_1_205' title='bbox 298 3515 452 3602; x_wconf 86' lang='lat' dir='ltr'><strong>insignes</strong></span> <span class='ocrx_word' id='word_1_206' title='bbox 488 3517 585 3603; x_wconf 89' lang='lat' dir='ltr'><strong>quasi</strong></span> <span class='ocrx_word' id='word_1_207' title='bbox 619 3517 756 3604; x_wconf 90' lang='lat' dir='ltr'><strong>signum</strong></span> <span class='ocrx_word' id='word_1_208' title='bbox 788 3517 1070 3605; x_wconf 86' lang='lat' dir='ltr'><strong>intemperantiae</strong></span> <span class='ocrx_word' id='word_1_209' title='bbox 1102 3540 1163 3604; x_wconf 87' lang='lat' dir='ltr'><strong>per</strong></span> <span class='ocrx_word' id='word_1_210' title='bbox 1186 3516 1365 3583; x_wconf 83' lang='lat' dir='ltr'><strong>Graeciam</strong></span> 
     </span>
     <span class='ocr_line' id='line_1_29' title="bbox 195 3631 1364 3720; baseline -0.001 -22"><span class='ocrx_word' id='word_1_211' title='bbox 195 3631 337 3698; x_wconf 85' lang='lat' dir='ltr'><strong>diffusae</strong></span> <span class='ocrx_word' id='word_1_212' title='bbox 361 3640 485 3700; x_wconf 87' lang='lat' dir='ltr'><strong>extare.</strong></span> <span class='ocrx_word' id='word_1_213' title='bbox 531 3634 580 3701; x_wconf 91' lang='lat' dir='ltr'><strong>Ut</strong></span> <span class='ocrx_word' id='word_1_214' title='bbox 604 3635 732 3720; x_wconf 80' lang='lat' dir='ltr'><strong>Crates,</strong></span> <span class='ocrx_word' id='word_1_215' title='bbox 758 3634 806 3700; x_wconf 91' lang='lat' dir='ltr'><strong>ita</strong></span> <span class='ocrx_word' id='word_1_216' title='bbox 829 3634 1032 3700; x_wconf 90' lang='lat' dir='ltr'><strong>Plutarchus</strong></span> <span class='ocrx_word' id='word_1_217' title='bbox 1057 3655 1188 3720; x_wconf 89' lang='lat' dir='ltr'><strong>quoque</strong></span> <span class='ocrx_word' id='word_1_218' title='bbox 1204 3633 1277 3720; x_wconf 87' lang='lat' dir='ltr'><strong>ipse</strong></span> <span class='ocrx_word' id='word_1_219' title='bbox 1293 3656 1313 3698; x_wconf 89' lang='lat' dir='ltr'><strong>a</strong></span> <span class='ocrx_word' id='word_1_220' title='bbox 1328 3656 1364 3698; x_wconf 84' lang='lat' dir='ltr'><strong>se</strong></span> 
     </span>
    </p>
   </div>
   <div class='ocr_carea' id='block_1_3' title="bbox 193 3813 406 3828">
    <p class='ocr_par' dir='ltr' id='par_1_4' title="bbox 193 3813 406 3828">
     <span class='ocr_line' id='line_1_30' title="bbox 193 3813 406 3828; baseline 0 -8"><span class='ocrx_word' id='word_1_221' title='bbox 193 3813 406 3828; x_wconf 52' lang='lat' dir='ltr'><em>——p-</em></span> 
     </span>
    </p>
   </div>
   <div class='ocr_carea' id='block_1_4' title="bbox 301 3915 959 4522">
    <p class='ocr_par' dir='ltr' id='par_1_5' title="bbox 320 3915 599 3987">
     <span class='ocr_line' id='line_1_31' title="bbox 320 3915 599 3987; baseline 0.007 -16"><span class='ocrx_word' id='word_1_222' title='bbox 320 3915 329 3986; x_wconf 90' lang='lat'><em>)</em></span> <span class='ocrx_word' id='word_1_223' title='bbox 348 3918 434 3973; x_wconf 88' lang='lat' dir='ltr'><strong>Paus.</strong></span> <span class='ocrx_word' id='word_1_224' title='bbox 453 3917 493 3987; x_wconf 89' lang='lat' dir='ltr'><strong>II,</strong></span> <span class='ocrx_word' id='word_1_225' title='bbox 513 3919 555 3987; x_wconf 88' lang='grc'><strong>11,</strong></span> <span class='ocrx_word' id='word_1_226' title='bbox 574 3920 599 3974; x_wconf 87' lang='grc'><strong>6.</strong></span> 
     </span>
    </p>

    <p class='ocr_par' dir='ltr' id='par_1_6' title="bbox 319 4005 890 4078">
     <span class='ocr_line' id='line_1_32' title="bbox 319 4005 890 4078; baseline 0 -18"><span class='ocrx_word' id='word_1_227' title='bbox 319 4005 328 4078; x_wconf 88' lang='grc'>)</span> <span class='ocrx_word' id='word_1_228' title='bbox 349 4005 392 4060; x_wconf 82' lang='lat' dir='ltr'><strong>Of.</strong></span> <span class='ocrx_word' id='word_1_229' title='bbox 412 4006 509 4062; x_wconf 87' lang='lat' dir='ltr'><strong>Mitth.</strong></span> <span class='ocrx_word' id='word_1_230' title='bbox 529 4008 607 4061; x_wconf 89' lang='lat' dir='ltr'><strong>arch.</strong></span> <span class='ocrx_word' id='word_1_231' title='bbox 627 4008 700 4061; x_wconf 87' lang='lat' dir='ltr'><strong>Inst.</strong></span> <span class='ocrx_word' id='word_1_232' title='bbox 718 4006 765 4062; x_wconf 93' lang='grc' dir='ltr'><strong>ΙΠ</strong></span> <span class='ocrx_word' id='word_1_233' title='bbox 783 4025 809 4077; x_wconf 90' lang='lat' dir='ltr'><strong>p.</strong></span> <span class='ocrx_word' id='word_1_234' title='bbox 831 4007 890 4061; x_wconf 79' lang='lat'><strong>197.</strong></span> 
     </span>
    </p>

    <p class='ocr_par' dir='ltr' id='par_1_7' title="bbox 319 4095 871 4255">
     <span class='ocr_line' id='line_1_33' title="bbox 321 4095 871 4167; baseline 0 -18"><span class='ocrx_word' id='word_1_235' title='bbox 321 4097 331 4163; x_wconf 89' lang='lat'><em>)</em></span> <span class='ocrx_word' id='word_1_236' title='bbox 351 4095 524 4166; x_wconf 84' lang='lat' dir='ltr'><strong>Oarapanos,</strong></span> <span class='ocrx_word' id='word_1_237' title='bbox 544 4096 663 4151; x_wconf 90' lang='lat' dir='ltr'><strong>Dodone</strong></span> <span class='ocrx_word' id='word_1_238' title='bbox 682 4115 708 4167; x_wconf 89' lang='lat' dir='ltr'><strong>p.</strong></span> <span class='ocrx_word' id='word_1_239' title='bbox 727 4096 809 4149; x_wconf 81' lang='lat'>4511.</span> <span class='ocrx_word' id='word_1_240' title='bbox 830 4096 871 4149; x_wconf 86' lang='lat'><strong>15.</strong></span> 
     </span>
     <span class='ocr_line' id='line_1_34' title="bbox 319 4185 656 4255; baseline -0.006 -15"><span class='ocrx_word' id='word_1_241' title='bbox 319 4185 398 4255; x_wconf 79' lang='lat' dir='ltr'><strong>)VI,</strong></span> <span class='ocrx_word' id='word_1_242' title='bbox 420 4187 443 4239; x_wconf 91' lang='lat'><strong>1.</strong></span> <span class='ocrx_word' id='word_1_243' title='bbox 464 4186 576 4240; x_wconf 84' lang='grc'>18-20.</span> <span class='ocrx_word' id='word_1_244' title='bbox 596 4186 656 4238; x_wconf 89' lang='grc'>211.</span> 
     </span>
    </p>

    <p class='ocr_par' dir='ltr' id='par_1_8' title="bbox 301 4275 959 4518">
     <span class='ocr_line' id='line_1_35' title="bbox 318 4275 959 4417; baseline 0 -89"><span class='ocrx_word' id='word_1_245' title='bbox 318 4275 455 4343; x_wconf 89' lang='lat' dir='ltr'><strong>)Herod.</strong></span> <span class='ocrx_word' id='word_1_246' title='bbox 475 4275 598 4417; x_wconf 71' lang='grc' dir='ltr'>Π,11535;</span> <span class='ocrx_word' id='word_1_247' title='bbox 618 4275 695 4328; x_wconf 91' lang='lat' dir='ltr'><strong>Plut.</strong></span> <span class='ocrx_word' id='word_1_248' title='bbox 715 4276 802 4345; x_wconf 89' lang='lat' dir='ltr'><strong>Pyth.</strong></span> <span class='ocrx_word' id='word_1_249' title='bbox 824 4293 897 4330; x_wconf 86' lang='grc'>0110.</span> <span class='ocrx_word' id='word_1_250' title='bbox 919 4277 959 4329; x_wconf 82' lang='grc'><strong>11.</strong></span> 
     </span>
     <span class='ocr_line' id='line_1_36' title="bbox 302 4364 464 4430; baseline -0.009 -12"><span class='ocrx_word' id='word_1_251' title='bbox 302 4365 330 4430; x_wconf 89' lang='grc'><strong>6)</strong></span> <span class='ocrx_word' id='word_1_252' title='bbox 349 4364 464 4418; x_wconf 84' lang='lat' dir='ltr'><strong>Plutl.</strong></span> 
     </span>
     <span class='ocr_line' id='line_1_37' title="bbox 301 4364 641 4522; baseline -0.003 -14"><span class='ocrx_word' id='word_1_253' title='bbox 301 4455 330 4518; x_wconf 77' lang='lat'><strong>7)</strong></span> <span class='ocrx_word' id='word_1_254' title='bbox 349 4453 411 4507; x_wconf 87' lang='lat' dir='ltr'><strong>Ael.</strong></span> <span class='ocrx_word' id='word_1_255' title='bbox 430 4471 457 4507; x_wconf 89' lang='lat' dir='ltr'><strong>v</strong></span> <span class='ocrx_word' id='word_1_256' title='bbox 476 4364 504 4508; x_wconf 83' lang='lat' dir='ltr'><strong>ll.</strong></span> <span class='ocrx_word' id='word_1_257' title='bbox 524 4453 577 4522; x_wconf 88' lang='lat' dir='ltr'><strong>IX,</strong></span> <span class='ocrx_word' id='word_1_258' title='bbox 599 4453 641 4508; x_wconf 83' lang='grc'><strong>32.</strong></span> 
     </span>
    </p>
   </div>
   <div class='ocr_carea' id='block_1_5' title="bbox 300 3918 318 4328">
    <p class='ocr_par' dir='ltr' id='par_1_9' title="bbox 300 3918 318 4328">
     <span class='ocr_line' id='line_1_38' title="bbox 302 3918 317 3970; baseline 0 0"><span class='ocrx_word' id='word_1_259' title='bbox 302 3918 317 3970; x_wconf 94' lang='grc'><strong>1</strong></span> 
     </span>
     <span class='ocr_line' id='line_1_39' title="bbox 301 4009 318 4060; baseline 0 0"><span class='ocrx_word' id='word_1_260' title='bbox 301 4009 318 4060; x_wconf 88' lang='grc'>2</span> 
     </span>
     <span class='ocr_line' id='line_1_40' title="bbox 300 4097 317 4150; baseline 0 0"><span class='ocrx_word' id='word_1_261' title='bbox 300 4097 317 4150; x_wconf 87' lang='lat'><strong>3</strong></span> 
     </span>
     <span class='ocr_line' id='line_1_41' title="bbox 300 4187 318 4238; baseline 0 0"><span class='ocrx_word' id='word_1_262' title='bbox 300 4187 318 4238; x_wconf 92' lang='grc'>4</span> 
     </span>
     <span class='ocr_line' id='line_1_42' title="bbox 301 4277 317 4328; baseline 0 0"><span class='ocrx_word' id='word_1_263' title='bbox 301 4277 317 4328; x_wconf 86' lang='grc'>5</span> 
     </span>
    </p>
   </div>
   <div class='ocr_carea' id='block_1_6' title="bbox 0 0 1572 4958">
    <p class='ocr_par' dir='ltr' id='par_1_10' title="bbox 0 0 1572 4958">
     <span class='ocr_line' id='line_1_43' title="bbox 0 0 1572 4958; baseline 0 0"><span class='ocrx_word' id='word_1_264' title='bbox 0 0 1572 4958; x_wconf 95' lang='lat' dir='ltr'><strong> </strong></span> 
     </span>
    </p>
   </div>
  </div>
 </body>
</html>
