3134 4958
687 300 906 363 ..58-

209 514 341 575 statuae
365 510 552 576 Alexandri
575 512 704 598 Magni,
737 536 823 598 quae
856 512 918 578 sub
942 513 967 579 J
968 513 1042 579 ovis
1077 514 1229 600 imagine
1257 514 1299 580 ab
1323 515 1384 580 ho-

210 626 303 692 mine
327 627 472 713 quodam
496 628 673 693 Corinthio
697 628 852 695 dedicata
876 637 927 695 est
951 626 1172 716 Olympiae1).

316 779 422 845 Brevi
457 781 487 845 si
508 781 711 867 respexeris,
748 782 902 868 exempla
926 787 1114 846 statuarum
1137 781 1301 869 privatim
1326 780 1385 846 de-

211 894 399 960 dicatarum
426 896 650 962 inveniuntur
673 897 753 962 inde
777 920 797 961 a
820 897 952 962 saeoulo
976 903 1095 962 oetavo
1119 921 1147 962 1.
1173 898 1253 962 Chr.
1276 920 1386 982 usque

211 1010 256 1075 ad
289 1012 461 1076 saeculum
495 1014 640 1078 alterum
674 1037 706 1100 p.
732 1012 810 1078 Ohr.
861 1013 938 1078 Duo
976 1020 1090 1078 autem
1123 1036 1249 1099 genera
1283 1012 1386 1078 facile

212 1127 502 1193 internosountur:
519 1130 672 1214 alterum,
690 1129 749 1194 ubi
773 1151 867 1193 suam
884 1129 1026 1213 quisque
1043 1135 1200 1212 statuam,
1225 1129 1382 1214 alterum,

211 1242 272 1308 ubi
306 1243 392 1308 alius
427 1244 569 1309 aliorum
604 1251 733 1310 statuas
769 1244 942 1310 dedicavit
974 1244 1056 1309 deis.
1108 1245 1206 1309 Illius
1231 1246 1387 1332 exempla

182 1411 185 1417 .
212 1359 348 1444 generis
371 1382 433 1446 per
456 1360 565 1425 multa
588 1362 722 1425 saecula
744 1361 970 1426 inveniuntur
993 1360 1081 1425 sola:
1105 1360 1206 1425 huius
1231 1361 1387 1447 exempla

211 1497 281 1540 non
316 1483 416 1541 antea
449 1476 536 1540 mihi
570 1483 788 1542 occurrerunt
822 1476 891 1540 nisi
930 1477 1062 1541 saeculo
1098 1477 1217 1561 quinto
1246 1500 1275 1541 1.
1306 1476 1385 1543 Chr.

211 1591 297 1656 Dieo
321 1591 481 1656 Isocratis
516 1598 645 1686 statuas
681 1592 777 1676 duas,
803 1615 945 1677 quarum
972 1615 1041 1656 una
1069 1600 1141 1656 erat
1164 1592 1320 1658 dedicata
1343 1593 1386 1658 ab
1447 1616 1451 1622 ·

212 1707 371 1795 Aphareo
406 1707 477 1772 filio
512 1714 683 1794 arrogatO,
717 1709 824 1773 altera
866 1731 886 1772 a
923 1707 1102 1773 Timotheo
1137 1709 1262 1791 ami003
1299 1707 1387 1774 addo

213 1847 268 1889 eas
303 1824 447 1889 fortasse
483 1832 572 1890 ortas
608 1847 682 1889 esse
707 1830 826 1909 quarto
858 1825 990 1889 saeculo
1014 1824 1165 1888 ineunte.
1211 1823 1388 1888 Industria

213 1946 327 2005 autem
351 1935 525 2026 Cylonis2)
561 1947 708 2006 statuam
742 1940 966 2027 praetermisi,
999 1962 1084 2025 quae
1107 1948 1222 2004 utrum
1246 1939 1287 2005 ab
1311 1940 1387 2027 ipso

189 2078 256 2120 .an
280 2057 321 2121 ab
356 2056 475 2121 amieis
509 2057 566 2122 vel
601 2057 754 2143 cognatis
790 2055 946 2121 dedicata
981 2055 1086 2120 fuerit
1110 2056 1213 2121 dubia
1236 2056 1290 2120 111.
1338 2056 1388 2122 Ut

212 2172 319 2256 igitur
352 2179 514 2259 repetam,
550 2195 656 2259 usque
694 2173 737 2237 ad
772 2173 942 2237 saeculum
965 2173 997 2237 V
1033 2172 1148 2236 exiens
1184 2172 1240 2236 vel
1271 2169 1314 2235 ad
1336 2170 1389 2238 IV

212 2289 325 2359 iniens
350 2312 444 2353 suam
461 2290 604 2374 quisque
621 2295 768 2354 statuam
791 2288 853 2353 11οο
871 2289 1004 2353 auidam
1028 2310 1224 2353 consecrare
1248 2286 1389 2372 solebat,

212 2404 292 2469 inde
316 2405 357 2470 ab
386 2405 449 2470 hae
484 2411 594 2469 aetate
618 2405 730 2491 eoepit
753 2426 825 2469 mos
849 2410 977 2469 statuas
1002 2411 1223 2488 cognatorum
1247 2410 1281 2467 et
1305 2403 1389 2467 ami-

214 2543 329 2586 corum
362 2520 544 2585 dedicandi
577 2520 858 2606 percrebrescere.
916 2519 1008 2583 Illud
1040 2520 1148 2604 igitur
1182 2520 1225 2584 A.
1256 2518 1390 2583 Boetti-

215 2631 339 2717 eheri³)
362 2637 449 2702 mihi
472 2635 683 2723 comprobari
705 2636 852 2702 videtur.

275 2828 277 2833 ·
322 2789 379 2854 Sie
414 2789 630 2854 anathemata
665 2786 932 2853 extraordinaria
968 2787 1131 2875 privatim
1166 2787 1278 2852 dicata
1313 2809 1390 2873 per-

213 2905 368 2972 lustravi.

697 3084 910 3092 ————-.

322 3283 396 3347 lam
423 3303 504 3346 vero
533 3280 754 3367 respiciamus
784 3278 826 3343 ad
850 3278 1011 3362 stadium,
1037 3277 1127 3364 quod
1150 3278 1390 3364 percurrimus

322 3397 518 3484 Perquisivi
552 3395 767 3462 anathemata
791 3397 920 3462 Graeca
948 3393 1118 3460 ordinaria
1146 3401 1180 3459 et
1203 3394 1391 3460 extraordi-

217 3515 312 3581 naria
347 3515 420 3579 sive
454 3513 591 3600 publiea
614 3513 699 3578 ’111νο
732 3514 877 3601 privata.
924 3511 1122 3603 Meminerit
1156 3510 1262 3576 velim
1284 3511 1393 3576 lector

217 3630 435 3718 quaestionis,
472 3652 573 3716 quam
605 3629 691 3694 mihi
725 3630 763 3694 in
795 3628 857 3694 hae
887 3626 1126 3693 dissertatione
1149 3649 1392 3713 proposueram

218 3746 441 3813 tractandam.
480 3746 642 3842 Quaestio
666 3744 780 3811 autem
803 3752 885 3829 erat,
910 3744 969 3830 qui
991 3743 1247 3809 anathematum
1270 3743 1392 3809 fuisset

219 3974 432 3982 ...----

327 4130 354 4202 1)
372 4133 458 4187 Paus.
478 4132 512 4198 V,
532 4130 575 4199 25,
596 4132 619 4184 1.

326 4259 355 4323 2)
374 4258 455 4312 Idem
473 4257 552 4312 valet
570 4257 606 4310 de
624 4254 788 4325 Xenophili,
808 4252 960 4321 Stratonis,
980 4251 1106 4306 Cossutii
1124 4249 1238 4304 statuis.

327 4382 355 4453 3)
375 4382 419 4437 Ol.
438 4402 465 4453 p.
486 4384 549 4437 169:
580 4379 796 4450 „Hellenisoher
822 4377 896 4433 Sitte
923 4382 1053 4447 spaterer
1075 4374 1139 4430 Zeit
1163 4374 1324 4446 entsprioht
1344 4376 1393 4430 der
1432 4385 1435 4392 ⁴

221 4475 345 4543 Brauoh,
365 4474 415 4527 der
435 4471 568 4528 Gottheit
586 4469 647 4525 sein
667 4468 782 4539 eigenos
801 4466 930 4523 Portrait
949 4485 984 4520 zu
1004 4465 1125 4533 weihen,
1147 4464 1254 4519 nicht.“
