3134 4958
685 355 883 420 ,7-

197 572 287 658 quod
310 571 486 658 Agasicles
520 571 630 636 victor
664 568 834 657 tripodem
868 570 906 634 in
941 570 1033 635 illius
1063 570 1119 634 dei
1147 571 1274 657 templo
1297 593 1367 637 non

197 696 363 775 posuerat,
388 689 531 752 eiectam
555 709 628 751 esse
652 709 670 750 e
694 709 752 750 sex
775 687 911 751 illarum
933 686 1068 751 urbium
1092 685 1227 751 foedere
1236 680 1271 768 1).

305 804 451 870 Thebis
476 826 547 868 mos
573 809 658 886 erat,
682 809 720 867 ut
743 802 772 866 is
796 825 888 888 puer,
913 802 972 886 qui
995 801 1270 888 Daphnephoriis
1293 803 1367 866 lau·

197 943 288 984 ream
312 927 461 1007 earptam
476 919 643 984 referebat
664 917 809 1002 domum,
827 918 864 982 in
880 919 1051 1004 Apollinis
1074 917 1217 982 Ismenii
1240 919 1367 1005 templo

196 1035 364 1122 tripodem
399 1058 538 1100 aureum
574 1034 753 1099 dedicaret.
802 1033 876 1110 Qua
910 1033 952 1097 de
976 1055 1076 1101 causa
1098 1033 1269 1099 Pindarus
1280 1029 1307 1118 2)
1331 1034 1369 1100 id

196 1153 363 1238 templum
396 1152 593 1216 thesaurum
628 1173 805 1214 aureorum
839 1149 1012 1236 tripodum
1046 1149 1210 1215 nominat.
1264 1151 1368 1218 Illum
1440 1221 1445 1228 „

197 1275 310 1332 autem
334 1289 461 1332 morem
488 1268 557 1332 iam
581 1266 684 1331 aetati
711 1265 882 1350 mythicae
905 1265 1060 1350 usurpari
1084 1267 1249 1352 scriptum
1272 1265 1368 1331 vide·

197 1407 281 1448 mue.
321 1384 478 1448 Herculis
496 1384 587 1447 enim
610 1384 693 1466 loco⁷
718 1383 777 1467 qui
799 1381 902 1445 nimis
923 1380 1028 1446 fuerit
1051 1404 1143 1466 puer,
1162 1381 1367 1469 Amphitruo

197 1506 293 1585 pater
317 1498 422 1563 fuisse
446 1499 572 1564 dicitur
595 1499 756 1563 dedicans
766 1493 801 1577 3).

303 1616 395 1680 Deli
429 1617 466 1680 in
498 1617 610 1680 insula
644 1615 860 1680 anathemata
894 1611 1104 1699 temporibus
1129 1613 1230 1678 certis
1253 1635 1366 1679 recur-

197 1732 307 1796 rentia
338 1732 378 1797 ab
406 1732 603 1797 hominibus
626 1731 770 1816 privatis
800 1736 834 1794 et
858 1729 1053 1794 domesticis
1078 1736 1112 1793 et
1136 1729 1284 1794 externis
1310 1730 1367 1795 de-

198 1848 309 1911 dicata
345 1870 417 1912 esse
453 1847 616 1932 exemplis
651 1848 857 1911 illustratum
880 1846 991 1911 video.
1039 1846 1081 1909 In
1104 1845 1368 1912 domesticorum

196 1986 337 2028 numero
373 1964 521 2050 primum
555 1963 664 2029 refero
695 1962 887 2048 Oeyneidas
923 1968 958 2026 et
997 1960 1209 2047 Thyestadas
1247 1962 1367 2047 tribus,

197 2101 282 2163 quae
321 2079 358 2143 in
392 2079 572 2165 Apollineo
610 2074 743 2159 unam4)
768 2084 826 2143 aut
865 2073 982 2159 duas5)
1016 2083 1150 2164 pateras
1186 2079 1368 2163 quotannis

195 2193 357 2259 videntur
391 2190 587 2282 posuissess).
636 2195 728 2272 Quae
762 2202 876 2259 utrum
912 2194 1054 2258 donatae
1089 2193 1160 2257 sint
1191 2216 1232 2258 ex
1256 2195 1368 2259 usuris

196 2310 389 2375 donationis
424 2310 599 2376 cuiusdam
633 2311 829 2395 gentiliciae
853 2333 897 2374 an
923 2310 1069 2396 pecunia
1096 2332 1229 2396 semper
1257 2309 1368 2376 denuo

196 2428 326 2512 collata,
351 2449 421 2492 non
445 2433 587 2492 constat.
627 2427 820 2492 Conicienti
840 2426 935 2509 mihi,
959 2425 1170 2491 occasionem
1187 2426 1369 2492 dedicandi

194 2544 374 2607 fluxissee
409 2542 654 2609 consuetudine
688 2543 747 2607 illa
786 2543 965 2607 notissima
998 2542 1195 2629 Apollinem
1229 2543 1368 2608 Delium

197 2659 398 2744 celebrandi,
421 2682 540 2725 verum
566 2658 658 2723 haud
680 2659 795 2744 procul
809 2650 955 2724 ¹ridetur
978 2659 1103 2723 abesse.
1150 2658 1284 2751 Deinde
1307 2658 1364 2724 hic

197 2795 420 2839 commemoro
444 2770 610 2854 stesilea⁷)
635 2797 719 2860 quae
743 2781 908 2854 vocantur
930 2797 1020 2838 vasa.
1069 2773 1219 2850 Quorum
1243 2796 1368 2858 genera

197 2890 419 2955 discernenda
453 2898 533 2956 sunt
568 2891 648 2976 duc,
677 2914 754 2955 cum
782 2890 881 2955 modo
912 2890 1076 2956 Stesileus
1105 2890 1178 2975 ipse
1203 2889 1368 2955 dedicans

195 3006 391 3071 nominatur
415 3007 513 3073 modo
536 3030 605 3072 non
632 3007 836 3073 nominatur.
883 3007 921 3072 Si
945 3005 1109 3071 Stesileus
1134 3007 1207 3093 ipse
1231 3012 1283 3070 est
1308 3005 1365 3070 de-

197 3122 324 3207 dicans,
348 3114 551 3203 interdum⁸l
574 3146 698 3188 munus
723 3124 795 3188 eius
819 3123 877 3208 qui
900 3121 985 3187 illud
1008 3144 1067 3186 vas
1083 3122 1274 3209 hieropoeis
1297 3129 1366 3186 tra-

196 3238 286 3303 didit
309 3234 521 3322 (παρέδωκεν)
538 3191 737 3305 attriliuitur
760 3239 893 3304 senatui
917 3234 1057 3322 (βουλῇ).
1093 3237 1135 3301 ld
1156 3239 1234 3324 quia
1259 3239 1366 3303 inter-

197 3355 277 3419 dum
299 3354 408 3440 modo,
432 3378 503 3421 non
526 3378 658 3442 semper
681 3363 794 3420 actum
818 3356 873 3440 sit,
897 3361 993 3419 estne
1016 3354 1159 3418 mirum?
1183 3354 1240 3418 An
1264 3353 1367 3439 quid?

197 3471 361 3537 Stesileus
385 3472 415 3536 si
438 3494 498 3536 vas
523 3471 692 3557 quoddam
727 3470 914 3555 dedicabat,
940 3493 1042 3555 quare
1066 3493 1135 3535 non
1159 3471 1232 3556 ipse
1255 3470 1366 3537 hiero-

195 3587 290 3673 poeis
318 3588 450 3652 tradere
485 3588 634 3653 solebat?
679 3588 722 3652 In
744 3587 831 3652 hanc
856 3581 1089 3673 quaestionem
1112 3593 1151 3651 ut
1174 3587 1365 3652 accuratius
1431 3658 1434 3664 ,

203 3853 205 3856 -
305 3817 499 3887 1)Herod.1,
520 3818 579 3872 144.

216 3972 217 3975 Ἴ
303 3905 331 3975 2)
350 3908 437 3977 Pyth.
457 3907 510 3976 XI,
529 3908 560 3976 4;
581 3907 616 3962 cf.
636 3906 742 3960 Herod.
762 3906 797 3975 V,
816 3906 859 3960 59.

303 3993 330 4065 3)
350 3996 468 4049 Anthol.
482 3996 574 4050 Palat.
597 3997 647 4066 VI,
667 3998 696 4066 63
715 3997 800 4049 Paus.
813 3996 867 4065 IX,
891 3996 932 4065 10,
950 3996 975 4050 4.
1006 3993 1049 4048 Cf.
1069 3993 1099 4049 Ο,
1114 3993 1147 4049 Ο.
1164 3993 1293 4062 Mueller,
1317 3992 1368 4048 Or·

198 4085 352 4140 chomenos
371 4104 397 4156 p.
418 4087 478 4139 397.

302 4174 454 4246 4.)Bullet
474 4175 561 4246 V1p.
581 4175 683 4230 351111.
703 4175 746 4229 37.

303 4263 399 4336 5)lin.
419 4265 461 4322 54.

320 4355 376 4425 )p
398 4355 457 4410 143

302 4357 319 4409 6

304 4446 333 4512 7)
352 4447 492 4510 canollata
510 4437 628 4514 ποτήρια
647 4443 709 4499 sive
728 4436 844 4513 cariora.

304 4533 333 4600 8)
351 4533 399 4587 lin.
419 4534 478 4589 127.
499 4535 558 4588 131.
