3134 4958
684 225 903 293 ,69-

207 443 377 530 fingendis
416 442 644 513 libentissime
661 489 664 498 a
683 444 890 509 versabatur.
948 443 1161 508 Postremum
1196 443 1232 510 id
1267 465 1376 530 genus

205 561 398 646 exemplum
442 559 584 624 tertium
630 560 800 624 saeculum
837 558 935 625 nobis
981 559 1151 646 praebuit:
1212 560 1374 647 intellego

204 677 317 742 Attali
348 675 486 741 donaria
523 675 671 742 Athenis
710 675 830 740 dicata.
907 674 1038 740 Eodem
1056 705 1060 714 ·
1075 682 1228 762 tempore
1266 677 1375 763 prima

206 815 396 879 pugnarum
429 791 668 859 historicarum
706 791 859 876 exempla
892 789 1101 857 invenimus:
1133 801 1213 858 sunt
1236 792 1376 862 donaria

208 931 292 994 quae
325 907 417 972 idem
447 906 585 988 Attalus
608 907 681 972 loco
712 904 830 972 eodem
862 906 994 971 curavit
1027 907 1229 974 collocanda.
1276 910 1376 976 Nunc

206 1030 328 1109 autem,
359 1029 399 1088 ut
434 1028 507 1088 erat
539 1022 766 1110 propositum,
800 1020 842 1086 ad
881 1022 1013 1087 tabulas
1051 1022 1170 1109 pictas.
1232 1025 1261 1089 Ε
1302 1026 1375 1111 qui·

203 1141 266 1206 bus
295 1138 540 1223 vetustissima,
572 1138 608 1202 in
644 1160 709 1222 qua
736 1160 790 1202 res
813 1160 931 1203 revera
954 1145 1086 1224 gestae,
1110 1161 1179 1204 non
1202 1140 1374 1225 mythicae

204 1263 283 1321 ante
318 1255 432 1320 oculos
466 1253 564 1321 nobis
598 1254 789 1340 propositae
824 1254 908 1337 sint,
945 1254 1113 1318 contraria
1141 1261 1193 1319 est
1216 1256 1374 1343 operibus

204 1371 274 1436 illis
299 1369 480 1437 statuariis.
507 1368 596 1437 sSed
627 1369 740 1456 paullo
769 1369 958 1454 posthanc
981 1369 1140 1454 tabulam,
1166 1371 1189 1436 i.
1216 1394 1242 1436 6.
1268 1395 1375 1437 annos

204 1487 403 1571 493-490,
438 1485 506 1550 iam
529 1485 677 1570 tabulae,
714 1508 797 1571 quae
820 1508 953 1572 pugnas
976 1493 1170 1572 proponunt
1193 1487 1372 1573 mythicas‚

206 1602 440 1697 inveniuntur:
477 1609 558 1667 sunt
591 1601 670 1669 illae
704 1601 825 1688 templi
859 1602 1034 1666 Minervae
1064 1591 1194 1685 Ἀρείας
1229 1603 1373 1688 tabulae,
1459 1602 1462 1611 '

205 1740 286 1803 quas
331 1739 421 1782 anno
461 1717 603 1783 attribui
640 1717 716 1781 479.
779 1717 826 1781 Et
875 1717 1118 1804 posterioribus
1164 1720 1374 1806 temporibus

203 1855 338 1920 pugnae
360 1832 542 1898 historicae
565 1840 600 1898 et
615 1831 786 1918 mythicae
809 1831 846 1896 in
870 1833 994 1898 tabulis
1009 1834 1121 1920 pictae
1144 1841 1224 1899 sunt
1247 1836 1374 1922 passim

204 1949 253 2012 ita
274 1955 314 2013 ut
337 1947 379 2013 de
403 1955 493 2014 certo
517 1949 679 2036 temporis
703 1948 848 2013 termino
872 1948 940 2014 dici
962 1971 1032 2014 non
1054 1950 1172 2036 possit.

310 2100 483 2166 Hactenus
504 2101 618 2186 agitur
634 2099 675 2167 de
691 2100 916 2166 anathematis
939 2101 983 2165 ad
1005 2101 1094 2166 bella
1109 2102 1373 2188 pertinentibus.

203 2215 450 2283 Continuemus
474 2216 698 2300 anathemata,
717 2238 860 2300 quorum
876 2223 1029 2282 auctores
1051 2241 1069 2281 6
1085 2219 1276 2283 calamitate
1293 2241 1373 2304 qua-

201 2330 279 2396 dam
296 2354 332 2396 se
345 2331 597 2418 expediverant‚
614 2330 851 2397 enumeranda.
880 2331 941 2397 Ad
964 2339 1161 2418 tyrannos
1186 2336 1373 2421 expulsos

201 2449 355 2535 exempla
378 2453 534 2535 spectant
557 2448 632 2513 duc.
671 2448 900 2514 Athenienses
915 2455 992 2535 post
1008 2472 1135 2514 annum
1158 2450 1224 2514 510
1247 2473 1275 2516 a.
1294 2451 1372 2517 Ohr.

199 2563 238 2628 in
261 2586 336 2629 arce
360 2564 512 2629 leaenam
521 2559 556 2650 ¹),
580 2564 621 2631 ab
649 2564 871 2651 Amphicrate
895 2565 1078 2652 sculptam,
1109 2565 1373 2632 admemoriam

200 2678 353 2765 Leanae,
400 2680 526 2745 amicae
571 2679 833 2766 Aristogitonis,
872 2681 1073 2746 servandam
1111 2682 1394 2748 collocaverunt·

202 2793 324 2860 Aetate
339 2791 666 2879 multo'reeentior2)
691 2805 742 2862 est
765 2802 877 2861 statua
901 2796 1052 2882 CyloniS,
1077 2819 1177 2882 quam
1194 2798 1372 2884 Olympiae

201 2909 443 2977 dedicaverunt
470 2912 587 2977 Aetoli
595 2906 621 2995 3)
667 2912 719 2977 De
747 2912 810 2977 hoc
836 2911 926 2997 viro,
955 2912 1015 2998 qui
1037 2912 1138 2978 Eleos
1168 2914 1210 2979 ab
1238 2913 1371 2979 Aristo·

132 3086 134 3089 .
198 3026 283 3091 timo
295 3034 441 3112 tyranno
457 3027 670 3112 liberaverat,
688 3028 841 3093 conferas
856 3028 961 3093 velim
972 3029 1098 3094 Bullet.
1114 3029 1165 3095 IV
1177 3053 1210 3118 p.
1226 3031 1370 3099 43-46.

198 3141 302 3209 Plura
324 3165 465 3210 numero
489 3150 569 3209 sunt
592 3143 846 3209 anathemata
873 3153 1041 3232 propter
1068 3146 1173 3210 luem
1195 3145 1369 3211 restinc-

197 3401 410 3411 --.-...-....

197 3638 214 3677 6
243 3620 345 3693 lingua
376 3621 487 3678 Graeca
517 3628 560 3678 est
590 3622 800 3696 depromptum.
857 3623 949 3696 Supra
979 3642 1188 3698 nonnunquam
1218 3626 1366 3683 vocabulis

198 3711 320 3781 ‚‚series“
352 3718 381 3766 61
405 3712 604 3784 ‚‚compiexus“
633 3731 702 3768 usus
729 3732 802 3768 sum.
850 3713 1053 3785 ‚‚Syntagma“,
1081 3716 1158 3786 quod
1177 3717 1254 3788 apud
1272 3717 1368 3789 Koep·

196 3800 277 3872 pium
313 3801 365 3871 „de
396 3802 654 3874 Gigantomachiae
684 3808 737 3859 etc.
774 3801 845 3858 nsu“
875 3803 944 3857 1883
970 3822 998 3875 p.
1027 3805 1043 3858 5
1066 3803 1177 3873 inveni,
1209 3806 1282 3860 mihi
1309 3825 1368 3862 non

194 3889 298 3960 placet.

304 3996 331 4069 1)
350 3999 435 4053 Paus.
454 3999 478 4069 Ι,
501 4000 544 4070 23,
562 4001 592 4070 23
611 4000 688 4054 Plut.
702 4000 737 4054 de
750 4000 856 4071 garrul.
870 3999 956 4070 VIII;
975 4000 1049 4056 Plin.
1069 4001 1097 4055 h.
1117 4019 1145 4056 11.
1164 4001 1304 4073 XXXJV,
1324 4005 1366 4058 72.

197 4085 254 4141 Sed
273 4092 387 4143 statuae
405 4088 558 4143 Harmodii
577 4096 606 4144 et
632 4089 841 4160 Aristogitonis
863 4088 930 4144 illae
947 4089 1192 4161 praeclarissimae
1211 4097 1294 4146 erant
1317 4092 1367 4147 ho·

195 4193 336 4232 aoranae.

302 4283 331 4355 2)
351 4303 373 4338 c.
393 4303 469 4340 anno
488 4286 542 4339 240
560 4303 585 4340 a.
606 4284 673 4340 Chr.
693 4284 876 4340 attribuenda
895 4290 947 4340 est.

302 4391 331 4459 3)
350 4391 435 4446 Paua.
454 4391 505 4462 VI,
526 4393 567 4462 14,
588 4393 629 4446 11.
