3134 4958
673 344 891 409 ..53-

195 559 270 626 sive
294 560 433 626 evitatis
456 564 569 647 potest
604 559 686 644 dici,
715 565 831 624 tamen
854 559 1033 646 praecipue
1058 559 1100 624 de
1123 559 1271 646 acceptis
1296 559 1368 645 agi·

194 682 252 743 tur
275 675 470 742 commodis.

304 792 362 858 Ad
385 793 562 858 venandi
585 816 665 858 rem
688 791 883 857 referuntur
903 792 1041 857 donaria
1064 792 1157 857 haec.
1196 791 1369 877 Meleager

195 911 329 977 hastam
357 932 452 974 suam
469 910 615 996 Sicyone
632 909 668 973 in
684 908 855 995 Apollinis
871 903 1032 995 temp101)
1057 907 1263 995 deposuisse,
1288 930 1368 972 exu-

196 1027 270 1093 vias
301 1026 375 1113 apri
401 1033 435 1092 et
469 1049 562 1090 arma
586 1048 646 1090 sua
670 1048 710 1090 ex
734 1026 850 1091 arbore
875 1024 1019 1111 quadam
1043 1023 1262 1109 suspendisse
1285 1022 1369 1089 Ata-

195 1138 321 1223 lante2)
344 1142 514 1208 dicuntur.
561 1141 726 1207 Eiusdem
749 1142 771 1207 i.
796 1165 824 1208 e.
843 1140 1025 1227 Calydonii
1050 1140 1109 1226 qui
1132 1146 1273 1205 vocatur
1296 1137 1371 1227 apri

197 1258 317 1325 dentes
339 1259 507 1346 pellisque
534 1258 667 1344 Tegeae
694 1259 731 1323 in
754 1258 930 1323 Minervae
958 1257 1085 1345 templo
1114 1255 1369 1343 conspicieban-

197 1370 296 1457 turl).
334 1376 488 1462 Taygete
505 1374 734 1460 Ceryniticam
752 1374 847 1438 illam
868 1395 1003 1439 cervam
1027 1394 1239 1438 consecrasse
1263 1370 1372 1436 fertur

198 1486 372 1572 Dianae4).
420 1492 566 1576 Rursus,
598 1490 628 1555 si
658 1491 726 1574 vis,
758 1488 987 1574 Anthologiae
1018 1488 1170 1554 conferas
1202 1488 1370 1575 epigram-

201 1602 341 1691 mata⁵):
379 1613 413 1672 et
437 1630 478 1673 ex
502 1607 545 1672 iis
573 1629 701 1672 morem
728 1613 806 1694 post
827 1605 1046 1702 venationem
1070 1604 1132 1670 deo
1154 1604 1288 1670 cuidam
1311 1603 1372 1669 ali·

153 1762 157 1767 ·
201 1722 296 1809 quid,
320 1724 490 1811 imprimis
514 1746 642 1807 arcum,
678 1722 859 1788 dedicandi
882 1723 920 1787 in
945 1686 1020 1787 vita
1043 1721 1213 1787 cotidiana
1236 1720 1372 1808 pervul-

198 1846 318 1927 gatum
341 1840 447 1905 fuisse
470 1845 583 1927 potest
607 1839 725 1905 conici.
765 1838 880 1925 Atque
904 1837 987 1903 adeo
1012 1861 1050 1903 ea
1074 1836 1209 1903 valebat
1233 1859 1372 1902 consue-

200 1955 292 2041 tude,
315 1961 355 2021 ut
377 1964 570 2041 narrarent,
594 1955 817 2039 Actaeonem,
843 1977 920 2021 cum
943 1953 1091 2019 feliciter
1113 1960 1258 2019 venatus
1281 1952 1373 2018 nihil

201 2070 400 2157 dedicasset,
418 2073 530 2139 Diana
553 2080 689 2139 auctore
713 2095 732 2138 a
756 2072 826 2136 suis
851 2070 991 2137 canibus
1009 2070 1231 2137 dilaceratum
1255 2063 1371 2152 esse⁶).

306 2190 425 2275 Neque
460 2196 573 2255 autem
609 2190 692 2276 quin
728 2187 867 2253 donaria
904 2187 1016 2252 dicata
1040 2185 1169 2252 fuerint
1192 2185 1373 2272 praecipue

198 2303 331 2370 Dianae
354 2306 451 2391 quasi
482 2305 705 2371 venationum
728 2303 878 2392 praesidi
902 2302 1043 2368 dubium
1070 2302 1156 2367 mihi
1179 2324 1253 2367 esse
1276 2300 1372 2367 vide-

200 2427 266 2487 tur.
306 2421 374 2487 Sed
390 2423 474 2487 alios
499 2444 631 2508 quoque
648 2421 728 2487 deos
752 2443 822 2486 non
838 2419 1078 2485 desideramus.
1112 2418 1228 2484 Tertio
1246 2441 1274 2484 a.
1292 2417 1371 2484 Chr.

200 2538 334 2603 saeculo
357 2537 512 2623 Arsaces,
535 2562 595 2604 rex
618 2538 869 2622 Armeniorum,
893 2535 1037 2624 pardum
1060 2535 1248 2621 ingentem,
1273 2557 1374 2621 quem

200 2676 329 2720 venans
357 2654 594 2742 interceperat,
625 2654 760 2720 Baccho
785 2653 995 2719 consecravit
1018 2653 1153 2738 Nysaeo
1162 2647 1195 2732 ⁷).
1242 2650 1374 2718 Eodem

199 2775 351 2858 tempore
382 2771 552 2856 originem
580 2770 678 2836 duxit
700 2770 895 2857 Dropionis,
918 2769 1144 2834 Paeoniorum
1167 2768 1268 2854 regiS,
1294 2789 1372 2832 ana-

200 2885 329 2952 thema:
366 2887 442 2952 dico
477 2886 622 2952 bisontis
654 2894 756 2974 caput
779 2887 954 2968 aheneum,
980 2884 1070 2969 quod
1092 2883 1236 2970 Delphis
1261 2905 1297 2948 se
1320 2883 1372 2948 vi-

200 3001 291 3067 disse
307 3002 493 3068 Pausanias
501 2999 527 3087 8)
544 3003 730 3069 contendit.
770 3002 826 3068 Ad
841 3002 969 3068 bonurn
984 3000 1177 3066 venationis
1199 2999 1374 3065 cuiusdam

201 3125 362 3184 eventum
397 3120 509 3207 capita
537 3120 646 3186 leonis
675 3126 710 3185 et
733 3119 806 3206 apri
830 3117 960 3183 ahenea
982 3116 1139 3204 Apollini
1162 3116 1373 3203 Pergameno

200 3231 327 3320 sacral)
362 3243 514 3323 spectare
548 3236 634 3302 mihi
669 3235 842 3302 videntur:
867 3257 887 3300 a
911 3257 976 3321 quo
1001 3240 1036 3300 et
1059 3231 1193 3319 quando
1218 3232 1374 3298 dedicata

201 3351 281 3438 sint,
305 3353 486 3419 nescimus.

308 3470 466 3557 Denique
499 3492 606 3557 pauca
640 3467 763 3535 addam
798 3467 976 3532 deludis
1000 3465 1214 3554 gymnicis.
1260 3464 1309 3534 Ut
1332 3463 1373 3532 ab

355 3809 441 3863 Paus.
461 3809 500 3878 II,
519 3810 544 3877 7,
563 3810 588 3863 8.

376 3903 428 3952 t.at
447 3897 536 3952 Theb.
555 3898 607 3967 IX,
627 3898 687 3952 585.

355 3989 442 4042 Paus.
462 3988 605 4057 7111,46,
626 3989 648 4041 1.
668 3989 697 4058 2,
716 3987 759 4056 47,
778 3988 803 4040 2.

308 4079 326 4132 4
355 4077 417 4133 Ael.
436 4096 464 4134 n
484 4095 509 4132 a.
529 4078 595 4147 VH,
614 4078 657 4132 39.

357 4167 595 4236 (1111111135.

309 3810 323 3862 1

308 3900 325 3952 2

308 3990 325 4043 3

326 3897 387 3969 18

326 3986 336 4059 1

327 3808 336 3878 1

326 4077 337 4148 1

308 4170 391 4237 5181

309 4257 570 4330 6)1)10(1.Ι7,81.

309 4347 491 4417 7)Philostr.
511 4347 562 4404 vit.
582 4346 676 4419 Apoll.
695 4348 734 4417 H,
755 4348 779 4401 1.

308 4438 393 4507 8,)X
414 4439 499 4507 13,1.

309 4525 442 4596 9)Paus.
461 4529 498 4597 X,
520 4529 560 4596 18,
580 4528 604 4583 5.
