3134 4958
669 268 888 335 ...N-2

301 491 476 556 Hactenus
500 490 541 555 de
557 488 706 554 donariis
721 487 886 554 bellorum
908 485 1121 550 Persicorum
1143 486 1196 570 iis,
1222 507 1365 570 quorum

195 607 289 691 origo
313 592 356 671 ad
380 613 508 670 certum
531 605 698 692 proelium
721 609 833 689 potest
855 601 983 666 referri.
1022 603 1169 666 Restant
1190 603 1256 667 alia
1280 625 1364 688 quae

195 723 307 787 eidem
330 721 433 786 aetati
449 721 633 786 attribuere
648 742 717 785 non
734 717 973 783 dubitaverim:
991 716 1050 781 sed
1067 740 1151 802 quae
1168 717 1211 782 ad
1233 719 1365 805 proelia

196 838 374 904 referenda
397 838 466 902 sint
489 859 654 922 quaerens
677 836 715 900 in
737 835 866 900 incerto
889 834 1070 918 relinquor.

410 955 487 1018 Huc
521 953 672 1039 pertinet
702 951 850 1038 primum
873 950 982 1036 tripus
1006 949 1064 1014 ille
1087 949 1245 1033 aheneus,
1271 949 1366 1014 cuius

304 1069 393 1134 basis
411 1075 508 1133 erant
523 1069 647 1133 Persae
663 1066 852 1131 marmorei.
891 1067 981 1130 Eum
1008 1067 1177 1130 Pausania
1204 1065 1244 1150 (I,
1265 1067 1315 1150 18,
1331 1065 1365 1144 8)

304 1192 440 1250 auctore
463 1183 609 1248 Athenis
632 1183 670 1247 in
694 1183 872 1268 Olympico
889 1181 995 1246 fuisse
1019 1188 1150 1247 constat
1158 1177 1191 1262 1).
1233 1181 1367 1246 Deinde

306 1321 527 1366 commemoro
563 1297 690 1384 fanum,
727 1299 817 1384 quod
852 1304 923 1363 erat
950 1298 1110 1382 Athenis,
1139 1293 1366 1383 Erechthei2),

306 1424 451 1481 statuam
474 1416 604 1480 Dianae
628 1407 791 1498 Σωτείρας
814 1409 1005 1499 Megarae3)
1028 1414 1185 1500 positam,
1211 1420 1366 1497 statuam,

308 1555 406 1619 quam
429 1532 471 1596 ab
494 1526 729 1618 Epidauriis4)
753 1530 909 1595 dedicata
933 1536 984 1594 est
1007 1530 1161 1616 Delphis,
1184 1530 1366 1617 Apollinis.

304 1649 399 1713 Haec
423 1655 513 1732 sunt,
549 1655 714 1732 quantum
739 1646 828 1736 scio,¹
842 1647 1058 1711 anathemata
1080 1647 1193 1712 omnia
1218 1670 1302 1732 quae
1326 1645 1368 1711 ad

199 1765 363 1830 bellorum
385 1764 600 1828 Persicorum
628 1769 773 1828 aetatem
797 1769 960 1848 spectant.
1008 1765 1126 1848 anue
1149 1763 1238 1829 bella
1262 1772 1366 1848 quan-

199 1888 314 1966 topere
338 1867 515 1944 hominum
543 1880 674 1944 animos
702 1879 880 1963 moverint,
907 1885 1072 1963 quantum
1095 1879 1278 1944 iniecerint
1300 1885 1367 1944 ter-

200 2018 320 2080 rorem,
345 2003 471 2080 quanta
493 1996 655 2061 victoriae
678 1995 901 2060 admiratione
924 2001 1032 2060 totam
1049 1996 1226 2060 Graeciam
1249 1995 1368 2081 imple-

201 2112 323 2195 verint,
349 2135 390 2175 ex
413 2134 452 2175 ea
474 2134 510 2175 re
527 2111 609 2176 satis
625 2119 685 2198 pot
671 2117 739 2176 test
754 2111 920 2196 intellegi,
938 2111 1027 2196 quod
1051 2118 1086 2176 et
1110 2112 1224 2176 cuncti
1248 2112 1369 2178 Graeci

199 2235 234 2292 et
268 2227 425 2291 civitates
461 2227 616 2314 singulae
644 2234 751 2293 totst
753 2234 847 2292 atuas
876 2227 1007 2292 tabulas
1043 2228 1218 2293 thesauros
1242 2229 1369 2313 templa

200 2343 288 2408 dona
322 2343 472 2408 cuiusvis
507 2343 644 2430 generis
680 2366 785 2428 eaque
820 2344 1087 2430 amplissimaet
1110 2344 1368 2431 pretiosissima,

199 2466 237 2524 ut
261 2483 362 2545 quam
377 2460 589 2545 gratissimos
613 2482 693 2545 erga
713 2459 793 2525 deos
818 2483 853 2524 se
876 2467 1096 2546 praestarent,
1115 2459 1368 2526 dedicaverunt.

305 2577 379 2640 Iam
402 2575 439 2639 in
463 2575 584 2640 ceteris
608 2575 832 2640 anathematis
857 2576 1095 2642 enumerandis
1118 2598 1266 2663 pergam.

306 2692 383 2756 480.
431 2691 770 2777 Carthaginiensibus
799 2692 842 2758 ad
864 2693 1041 2757 Himeram
1069 2692 1171 2758 victis
1195 2716 1214 2757 a
1239 2694 1369 2758 Gelono

201 2807 352 2893 Delphos
392 2813 502 2871 statua
535 2808 707 2873 Victoriae
743 2809 920 2894 tripusque
960 2809 1056 2873 missi
1095 2804 1216 2888 sunu).
1273 2810 1370 2895 Idem

202 2923 381 3009 Olympiae
397 2922 550 2988 condidit
568 2923 774 3009 thesaurum,
799 2925 836 2989 in
853 2948 919 3010 quo
935 2925 1055 2990 loricas
1078 2925 1213 3010 linteas,
1230 2948 1369 2990 numero

200 3045 278 3123 tres,
304 3038 410 3103 fuisse
433 3035 652 3123 Pausanias⁶)
670 3041 855 3106 contendit.
894 3041 975 3107 Alia
991 3064 1122 3127 queque
1140 3042 1247 3126 spolia
1269 3048 1370 3107 antea

201 3154 250 3220 ibi
285 3155 446 3220 collocata
480 3178 567 3240 esse,
604 3156 789 3220 verisimile
822 3157 908 3221 mihi
942 3157 1089 3222 videtur.
1136 3157 1291 3243 Denique
1327 3158 1370 3223 ad

200 3270 381 3336 victoriam
414 3271 508 3336 illam
541 3270 735 3337 referuntur
768 3274 895 3358 templa
924 3274 1056 3339 Cereris
1080 3275 1370 3361 Proserpinaeque

202 3546 261 3600 und
279 3545 325 3600 die
343 3552 430 3601 unter
457 3546 522 3601 dem
540 3547 651 3601 Baume
678 3546 765 3617 ruhig
793 3547 930 3601 stehende
949 3547 1063 3602 Athene
1090 3549 1145 3602 mit
1164 3550 1215 3604 der
1232 3549 1305 3605 Eule
1324 3550 1370 3604 be-

202 3634 332 3690 zeichnet
350 3635 404 3689 den
424 3635 517 3707 Sagen
536 3636 586 3690 der
604 3635 920 3706 weieheitspendenden
940 3636 1051 3706 thtin,
1072 3637 1114 3690 als
1133 3637 1179 3693 die
1198 3639 1298 3706 Quelle
1317 3627 1383 3694 des¹

202 3723 401 3796 Siegesmuths
420 3724 479 3778 und
498 3724 548 3778 der
566 3723 746 3796 Siegeskraft
765 3724 815 3779 der
833 3710 970 3780 Athener.
1191 3769 1193 3775 ,

310 3811 336 3884 1)
354 3813 446 3883 Adde,
475 3832 492 3867 a
514 3814 752 3885 Furtwaenglero
781 3813 847 3884 (act.
866 3815 960 3869 Berol.
989 3815 1040 3869 Ac.
1062 3816 1130 3870 1879
1157 3835 1184 3887 p.
1205 3817 1239 3871 13
1257 3817 1323 3872 adn.
1343 3817 1371 3889 2)

200 3901 280 3957 huno
298 3902 450 3974 tripodem,
470 3901 574 3973 quippe
593 3903 674 3956 cuius
695 3903 802 3957 Persae
821 3921 836 3958 e
854 3921 999 3958 marmore
1026 3904 1157 3976 Phrygio
1183 3905 1288 3977 sculpti
1311 3907 1371 3962 fue-

200 3991 268 4061 rint,
288 3991 379 4046 aetati
397 3990 540 4045 Hadriani
559 3992 686 4046 attribui.
724 3991 803 4059 Quae
822 3993 966 4048 sententia
984 3999 1095 4048 rectore
1114 3994 1159 4065 sit,
1178 3995 1284 4051 nescio

308 4080 336 4151 2)
355 4081 462 4135 Herod.
481 4081 547 4151 VH,
568 4082 631 4152 1393
652 4083 737 4137 Paus.
757 4082 780 4152 I,
801 4084 843 4154 19,
862 4085 891 4154 63
910 4083 972 4138 Ael.
991 4102 1018 4141 v.
1038 4083 1066 4138 h.
1085 4083 1154 4154 XII,
1175 4085 1217 4141 61.

356 4172 443 4225 Paus.
462 4171 485 4240 I,
503 4171 547 4240 40,
567 4171 591 4224 2.
611 4172 636 4225 3.

307 4172 337 4331 4)
354 4261 441 4315 Paus.
460 4261 497 4330 X,
518 4260 604 4331 15,1

309 4348 336 4419 5)
355 4350 460 4404 Athen.
480 4350 566 4422 VIp.
586 4349 677 4407 aelf

309 4437 337 4510 6)
356 4439 407 4509 VI,
428 4441 512 4509 19.
