3134 4958
771 167 990 233 ..30„.

297 393 376 451 tam
399 385 541 450 dicata.
583 379 772 464 Cleonaei1)
796 383 942 449 haedum
957 383 1101 470 Delphis
1118 382 1292 467 aheneum,
1318 387 1475 448 statuam

295 502 455 566 Mercurii
478 491 667 584 Κριοφόρου
691 500 783 565 domi
806 500 1050 565 dedicaverunt
1066 494 1296 584 Tanagraei2).
1337 498 1476 577 Quodsi

296 619 378 704 quin
414 618 479 681 duo
514 615 597 681 haec
623 590 787 703 'exempla
819 623 911 681 recte
946 616 1044 681 nobis
1073 615 1199 679 tradita
1223 616 1293 680 sint
1317 615 1475 681 dubitari

239 792 241 795 ,
295 757 365 799 non
380 740 503 820 potest,
521 739 611 797 certe
626 733 750 796 mirum
767 756 840 797 esse
855 733 1002 817 videtur,
1020 732 1050 796 si
1073 731 1116 796 ad
1139 754 1242 796 unam
1259 731 1474 817 eandemque

296 851 397 933 luem,
422 849 658 934 gravissimam
682 849 776 913 illam
792 848 1049 932 Atheniensem,
1066 868 1227 933 magnum
1252 847 1474 913 donariorum

296 987 475 1030 numerum
509 963 629 1029 referri
652 964 867 1060 auctoribus
902 964 1067 1050 scriptum
1100 964 1266 1029 videmus.
1317 963 1474 1029 Donaria

298 1087 411 1145 autem
435 1087 515 1144 sunt
537 1079 633 1144 haec:
658 1079 804 1144 Athenis
820 1081 984 1145 Hercules
1006 1069 1224 1164 Ἀλεξίκακος,
1249 1078 1291 1144 ab
1314 1079 1475 1166 Agelada

299 1191 492 1282 sculptusss),
521 1203 556 1260 et
578 1196 702 1282 Apollo
718 1184 940 1279 Ἀλεξίκακος,
971 1196 1117 1261 Calamis
1140 1190 1267 1281 opus4);
1291 1195 1474 1280 Phigaliae

297 1313 464 1399 templum
498 1310 669 1397 Apollinis
700 1302 958 1396 Ἕειικοορίοοῧ),
995 1311 1095 1377 Elide
1122 1310 1293 1398 Apollinis
1319 1300 1474 1372 Ἀκεσίου

297 1429 463 1514 templum
470 1422 509 1509 ⁶);
535 1427 722 1492 Troezenes
738 1429 842 1493 Panis
858 1428 975 1493 fanum
992 1419 1204 1511 Arrqpr'or⁷).
1240 1425 1476 1492 Conseruntur

300 1567 338 1609 ea
362 1567 447 1630 quae
470 1538 675 1622 Brunnius8)
705 1544 746 1608 de
770 1544 824 1609 his
849 1543 997 1609 donariis
1022 1543 1191 1608 disseruit.
1238 1543 1411 1629 Equidem
1436 1543 1475 1608 id

299 1661 407 1725 solum
442 1660 775 1724 commemoraverim
810 1683 851 1725 ex
885 1661 928 1725 iis
963 1660 1006 1725 ad
1029 1660 1123 1724 illam
1146 1659 1237 1723 luem
1259 1658 1379 1724 referri
1401 1681 1474 1725 non

299 1799 398 1863 posse
422 1776 496 1859 alia,
521 1774 612 1860 quod
627 1775 773 1840 artifices
797 1775 994 1841 iamdudum
1011 1783 1118 1840 artem
1135 1798 1229 1840 suam
1245 1797 1314 1839 non
1335 1797 1473 1840 exercu-

300 1894 399 1975 erint,
435 1892 515 1976 alia,
551 1891 640 1976 quod
674 1893 831 1978 regiones
866 1915 951 1976 quae
974 1892 1194 1956 nominantur
1217 1897 1312 1976 peste
1335 1913 1474 1977 prorsus

299 2031 368 2074 non
403 2015 544 2073 vexatae
580 2007 659 2072 sint.
711 2008 834 2073 Omnia
867 2008 983 2092 igitur,
1020 2031 1105 2093 quae
1140 2008 1182 2072 ad
1216 2012 1347 2093 pestem
1377 2006 1475 2072 illam

299 2124 547 2190 Atheniensem
583 2123 742 2189 dicuntur
769 2130 952 2210 spectasse,
986 2124 1155 2188 immerito
1178 2124 1245 2188 huo
1267 2122 1473 2188 referuntur.

302 2240 513 2326 Quamquam
536 2262 575 2304 ea
590 2247 667 2326 post
684 2241 765 2304 alias
789 2241 861 2304 lues
877 2240 1057 2304 restinctas
1082 2239 1237 2304 dedicata
1265 2262 1337 2303 esse
1361 2244 1475 2325 potest

301 2357 449 2422 concedi.
496 2356 683 2421 Locustis
707 2355 886 2442 depulsis
909 2355 1070 2420 Phidiam
1086 2356 1257 2441 Apollinis
1274 2347 1474 2438 Πορνοπίοο

302 2479 448 2538 statuam
472 2471 625 2556 finxisse,
654 2495 739 2556 quae
766 2472 803 2535 in
827 2471 1091 2536 Atheniensium
1114 2494 1189 2535 arce
1213 2471 1333 2554 stabat,
1358 2477 1475 2536 auctor

302 2596 354 2654 est
388 2588 573 2653 Pausanias
581 2584 614 2672 ⁹),
652 2588 719 2674 qui,
745 2593 794 2665 ,ut
829 2593 880 2651 est
914 2610 1027 2651 rerum
1060 2587 1338 2672 gravissimarum
1374 2607 1474 2673 saepe

302 2706 499 2792 neglegam,
535 2711 649 2770 utrum
683 2705 767 2769 haec
802 2710 913 2768 statua
947 2703 1082 2790 publice
1110 2727 1154 2768 an
1176 2702 1338 2789 privatim
1362 2701 1474 2768 dicata

302 2821 347 2886 sit
362 2845 431 2886 non
447 2821 561 2886 tradit.
602 2822 679 2887 Sola
694 2821 800 2907 igitur
816 2820 1008 2885 coniectura
1025 2843 1098 2884 eam
1121 2841 1163 2883 ex
1186 2818 1314 2883 aerario
1337 2817 1475 2903 publico-

303 2959 485 3024 expensam
520 2959 593 3001 esse
620 2959 757 3023 possum
785 2936 956 3020 consequi.
1003 2936 1099 2999 Post
1127 2935 1337 2999 siccitates
1360 2931 1469 3021 longi
1544 2963 1548 2970 ·

303 3053 499 3140 temporis
524 3053 722 3138 sepositas
738 3051 884 3117 Athenis
908 3051 946 3115 in
969 3073 1045 3115 arce
1069 3055 1180 3114 statua
1197 3052 1228 3110 Γ
1226 3042 1302 3122 cicc
1326 3047 1472 3136 supplici

303 3175 404 3256 gestu
421 3191 440 3233 a
455 3169 536 3234 Iove
559 3167 711 3254 pluviam
726 3166 874 3253 petentis
897 3166 1007 3252 posita
1031 3160 1140 3248 est¹⁰).
1178 3166 1215 3231 Si
1232 3189 1309 3230 eum
1324 3166 1475 3252 titulum,

304 3285 363 3370 qui
391 3286 486 3351 (1.5.
511 3284 553 3349 A.
581 3284 649 3368 III,
676 3285 693 3348 1
717 3306 750 3348 n.
777 3283 839 3347 166
864 3289 973 3366 extat,
1008 3283 1088 3347 huic
1122 3283 1307 3350 attribuere
1342 3288 1475 3348 statuae

413 3534 427 3585 1

269 3673 273 3680 ,
323 3637 324 3640 ’
411 3623 429 3674 2

412 3711 429 3764 3
459 3663 547 3764 scliol
567 3661 655 3763 Arist
674 3709 748 3766 Ran.
769 3709 832 3778 5043
852 3709 946 3764 Tzetz.
968 3706 1040 3763 ohil.
1060 3707 1141 3776 VIII,
1165 3708 1224 3762 191.

411 3799 429 3852 4
459 3800 545 3854 Paus.
565 3799 588 3868 I,
607 3800 632 3868 3,
651 3800 676 3853 4.

430 3530 602 3691 l

429 3708 440 3781 l

430 3797 696 3958 ivm,4i‚i.e

430 3975 605 4314 ί558.

431 4153 483 4225 l

413 3889 429 3942 5

413 3979 429 4031 6

355 4085 360 4097 ·
413 4069 428 4122 7

413 4157 431 4210 8

414 4247 431 4299 9

432 4244 484 4315 )
