3134 4958
672 315 890 378 -12-

199 520 324 608 eheril)
348 526 442 591 illam
464 527 779 614 praeclarissimam.
818 527 860 593 Id
876 527 975 593 modo
998 534 1123 614 repeto,
1148 529 1185 592 in
1207 528 1365 593 thesauro

198 640 303 707 fuisse
328 644 496 730 sculptum
520 645 703 709 Herculem
739 667 815 710 cum
838 644 988 710 Acheloo
1023 651 1248 730 pugnantem,
1278 644 1367 730 quod

197 780 281 845 opus
304 760 437 824 Dentae
461 760 722 825 adscribendum
746 784 819 826 esse
843 760 959 826 docuit
981 761 1178 826 Pausanias,

303 875 398 940 inter
432 898 538 941 annos
562 877 682 940 510-
696 877 761 940 505
797 876 961 962 quadriga
985 877 1125 961 ahenea,
1156 877 1252 942 cuius
1274 876 1367 941 basis

197 989 297 1055 titulo
321 991 476 1078 praedita
510 998 644 1078 reperta
679 999 744 1076 est,
768 993 805 1057 in
829 991 1093 1058 Atheniensium
1116 1016 1192 1058 arce
1216 993 1367 1058 Boeotiis

198 1113 232 1171 et
267 1107 548 1172 Chalcidensibus
581 1107 684 1173 victis
720 1115 772 1174 est
806 1105 993 1190 dedicata2)
1050 1109 1181 1174 Eodem
1216 1115 1367 1196 tempore

196 1221 324 1288 ibidem
357 1223 588 1289 Athenienses
622 1225 772 1309 vincula,
821 1225 942 1310 quihus
984 1227 1035 1290 illi
1070 1226 1224 1312 colligati
1260 1232 1365 1310 erant,

197 1339 418 1426 suspendisse,
435 1335 639 1420 videntur3).

303 1452 523 1540 eoo-4904).
559 1457 753 1523 Phocenses
778 1457 922 1523 devictis
940 1457 1112 1522 Thessalis
1129 1457 1284 1543 Apollini
1308 1457 1366 1521 do-

195 1579 363 1637 naverunt
385 1573 551 1660 Delphico
580 1581 707 1639 statuas
737 1581 771 1638 et
794 1573 953 1639 Herculis
977 1573 1215 1659 Apollinisque
1240 1573 1281 1637 de
1304 1574 1365 1638 tri-

195 1688 282 1774 pode
317 1689 521 1754 luctantium
556 1698 590 1755 et
625 1691 765 1755 heroum
789 1689 1050 1754 domesticorum
1085 1695 1119 1753 et
1153 1690 1365 1776 Daiphantae

195 1805 306 1870 Rhoei
330 1805 454 1870 ducum
478 1807 672 1891 Telliaeque
687 1808 787 1872 uatis.
825 1808 914 1871 item
929 1812 1007 1892 post
1023 1805 1165 1870 eandem
1187 1806 1367 1871 victoriam

196 1921 262 1986 duo
299 1922 484 2009 clipeorum
518 1922 694 1988 hostilium
729 1923 824 1987 milia
847 1923 1008 2009 Delphos),
1033 1921 1178 1987 totidem
1200 1922 1367 1987 miserunt

194 2036 297 2102 Abas.
345 2038 438 2116 Quae
473 2039 688 2104 anathemata
722 2061 791 2103 non
819 2038 979 2125 deinceps
1007 2060 1075 2102 uno
1098 2039 1261 2123 leguntur
1283 2039 1365 2122 loce,

196 2153 255 2218 sed
271 2177 289 2218 e
305 2154 422 2219 multis
438 2155 521 2220 locis
538 2160 617 2220 sunt
634 2156 764 2220 collata.
801 2155 884 2219 Loci
900 2160 1014 2218 autem
1030 2159 1110 2218 sunt
1126 2152 1251 2219 Herod.
1269 2154 1364 2237 VIII,

195 2271 251 2352 273
275 2271 375 2336 Faus,
400 2272 445 2355 X,
473 2273 557 2354 1,s.
584 2272 639 2354 10;
667 2272 717 2355 13,
742 2272 772 2355 6,
798 2272 827 2335 7.
874 2271 1024 2354 Bellum,
1054 2270 1095 2334 de
1125 2292 1190 2355 quo
1213 2270 1269 2334 hic
1293 2271 1364 2355 agi-

193 2392 258 2469 tur,
284 2409 360 2450 cum
383 2388 423 2451 E.
448 2382 586 2472 Lawyl)
611 2409 732 2472 sequor
748 2393 927 2470 auctorem,
945 2386 1037 2451 idem
1061 2408 1133 2450 0000
1156 2392 1249 2470 puto,
1275 2385 1365 2470 quod

194 2525 214 2566 a
236 2502 407 2567 Pausania
435 2503 500 2567 alio
528 2497 634 2582 looo⁶)
664 2509 953 2567 commemoratur.
999 2502 1067 2566 Hic
1091 2503 1184 2565 enim
1207 2500 1249 2565 de
1272 2501 1365 2566 Iovis

195 2623 306 2682 statua
329 2618 535 2684 aThessalis
551 2619 779 2684 Phocensium
802 2618 988 2683 victoribus
1010 2618 1188 2704 Olympiae
1212 2617 1367 2683 dedicata

194 2734 317 2820 agitur.
376 2735 504 2812 Quidni
539 2735 576 2798 in
611 2735 669 2800 illo
704 2734 792 2800 bello
828 2735 932 2799 semel
964 2734 1119 2800 Thessali
1155 2733 1366 2800 commodum

196 2849 365 2936 quoddam
389 2851 455 2917 sibi
477 2857 663 2938 potuerunt
687 2851 898 2939 comparare?

303 2991 329 3032 c.
355 2968 429 3033 500.
476 2969 611 3033 incolae
628 2968 832 3034 Chersonesi
847 2967 1030 3035 Thracicae
1047 2973 1080 3031 et
1096 2966 1270 3030 Miltiades
1287 2966 1365 3050 dux,

195 3082 318 3168 oppido
354 3083 499 3168 quodam
535 3091 744 3171 expugnato,
768 3084 969 3149 Amaltheae
998 3082 1088 3167 quod
1112 3082 1237 3146 dicitur
1260 3105 1366 3147 cornu

196 3197 404 3286 Olympiam,
429 3199 490 3264 ubi
512 3200 697 3264 Pausanias
706 3194 729 3278 7)
753 3200 791 3264 in
815 3199 1052 3284 Sicyoniorum
1075 3198 1232 3263 thesauro
1256 3198 1293 3263 id
1315 3199 1366 3264 vi-

197 3313 287 3380 disse
312 3338 347 3380 se
372 3315 557 3399 contendit,
582 3315 757 3381 miserunt.

301 3431 505 3496 Accedimus
536 3431 578 3496 ad
600 3432 765 3497 bellorum
788 3431 1001 3495 Persicorum
1024 3437 1180 3516 aetatem,
1205 3431 1247 3495 de
1271 3431 1366 3496 cuius

197 3547 345 3612 donariis
381 3547 599 3613 conferantur
635 3570 719 3632 quae
753 3549 794 3612 E.
821 3547 958 3612 Curtius
966 3543 992 3630 8)
1032 3546 1230 3612 multisante
1266 3547 1365 3611 annis

196 3663 366 3728 disseruit.
